2035 2844
816 116 954 140 Analecta
979 117 1158 149 Algologiea.
1767 103 1785 137 5
1795 103 1813 137 7

160 211 267 246 supra
307 200 474 246 paginam
516 211 640 246 parum
681 211 854 234 emersum
895 201 980 243 vidi7
1023 201 1137 247 ipsum
1179 201 1312 237 discum
1355 206 1471 237 autem
1501 202 1663 249 pellicula
1700 203 1815 237 adhuc

163 265 376 311 persistente,
421 264 556 299 cellulis
597 265 764 299 nimirum
808 265 1023 311 quadraticis
1063 267 1271 312 rotundatis,
1307 267 1612 312 longitudinaliter
1639 272 1671 302 et
1704 272 1816 302 trans-

159 329 341 363 versaliter
382 329 519 363 seriatis
561 333 734 375 contexta,
765 329 951 363 obtectum.
1007 330 1161 365 Cellulas
1190 330 1361 377 pellicula*
1390 331 1491 377 quasi
1521 331 1671 366 invicem
1700 332 1815 367 minus

159 393 303 428 firmiter
344 393 547 439 conjunctas
589 393 707 428 videre
740 393 841 439 finxi,
878 394 1088 440 easdemque
1117 399 1281 430 contentu
1310 408 1382 441 suo,
1413 396 1447 429 in
1478 396 1593 430 media
1622 400 1719 442 parte
1749 396 1816 432 001-

158 457 237 491 lulae
278 457 379 503 quasi
413 457 577 505 collapso,
608 470 628 492 a
657 457 792 493 cellulis
835 458 1008 493 fertilibus
1042 459 1232 494 antheridii
1268 460 1436 495 facillime
1464 461 1657 495 distinctas.
1714 462 1815 497 Com-

156 521 296 568 paranti
338 522 424 556 mihi
466 522 547 557 dein
588 522 624 556 in
666 522 864 557 antheridio
892 523 997 569 paule
1027 523 1200 558 adultiore
1230 524 1343 570 ipsum
1372 524 1505 559 vallum
1534 525 1812 571 circumjectum,

156 586 221 621 hoc
249 590 408 621 constare
438 586 572 621 cellulis
602 586 823 633 inaequaliter
850 587 928 634 plus
957 587 1071 622 minus
1100 600 1206 634 supra
1234 588 1368 622 dis-«rum
1394 589 1561 635 porrectis
1581 598 1665 631 (una
1686 590 1814 625 cellula

154 663 261 697 supra
302 651 457 686 vicinam
498 663 588 698 saepe
609 651 812 697 eminente)
841 651 1020 699 adparuit,
1051 657 1083 686 et
1111 652 1176 687 hoc
1204 652 1305 686 modo
1334 659 1486 699 rupturffl
1516 654 1648 689 indicia
1676 666 1813 701 quoquo

156 715 192 750 111
231 715 296 750 hoc
337 727 526 761 agnoscere
567 716 700 763 putavi.
755 716 910 751 Cellulas
950 717 1033 752 istas
1075 717 1276 752 limitaneas
1319 717 1403 751 valli
1446 718 1516 752 vidi
1561 719 1753 754 ‹·‹›nf01·mes
1781 725 1813 755 et

157 784 320 815 contentu
361 793 422 815 suo
463 780 564 826 quasi
597 780 750 827 collapso
785 785 1015 827 congruentes
1044 794 1123 816 cum
1152 782 1205 827 iis⁷
1236 794 1322 828 quas
1351 782 1386 816 in
1416 782 1580 829 pellicula
1608 784 1813 830 I‘nersistente

156 867 202 869 —
232 845 435 892 operculum
464 844 653 880 antheridii
682 845 783 891 quasi
813 845 986 881 formante
1016 868 1065 871 —
1094 858 1175 881 mox
1205 846 1383 892 descripsi.

257 909 442 957 Specimen
482 909 570 944 soris
612 909 821 944 instructum
861 910 925 953 (D.
968 911 1179 954 dichotomoe)
1215 911 1415 945 accuratius
1443 923 1463 945 a
1492 912 1582 946 facie
1612 913 1811 960 inspicienti

155 974 241 1008 mihi
271 974 434 1021 adparuit
462 986 579 1009 sorum
607 974 813 1020 neutiquam
842 976 985 1022 nudum,
1020 980 1080 1011 aut
1108 981 1246 1011 tantum
1276 976 1430 1011 cuticula.
1458 976 1673 1023 homogenea
1701 983 1812 1013 trans-

153 1038 291 1073 lucente
331 1039 504 1073 obtectum
548 1050 631 1084 esse,
673 1038 815 1084 qualem
847 1052 866 1073 a
899 1041 1151 1075 recentioribus
1194 1041 1369 1088 depictum
1413 1041 1500 1087 vidi3
1544 1043 1601 1077 sed
1646 1043 1810 1089 pellicula

153 1103 254 1148 quasi
282 1103 436 1150 propria,
479 1115 585 1150 supra
626 1103 824 1149 congeriem
858 1115 1041 1150 sperarum
1074 1105 1187 1151 magis
1216 1105 1469 1151 nigrescentem
1501 1106 1678 1153 paulisper
1706 1107 1811 1141 flave-

150 1173 266 1204 scente
308 1181 380 1204 esse
422 1169 597 1204 inclusum
614 1168 650 1215 ¹).
706 1168 816 1203 Lente
857 1170 970 1215 magis
1013 1174 1164 1216 augente
1193 1170 1363 1215 adhibito,
1393 1171 1578 1205 observavi
1608 1171 1810 1217 pelliculam

151 1234 267 1279 quoad
307 1234 502 1268 maximam
547 1237 681 1280 partem
724 1237 925 1268 contextam
966 1246 1038 1269 esse
1080 1234 1216 1269 cellulis
1258 1234 1332 1269 istis
1374 1234 1806 1281 quadlatice-rotundatis,

150 1297 432 1332 transversaliter
474 1301 507 1332 et
548 1297 854 1343 longitudinaliter
894 1298 1043 1343 seriatis,
1086 1310 1172 1344 quas
1202 1299 1414 1345 ubicumque
1444 1300 1686 1335 membranam
1716 1305 1809 1336 exte-

149 1362 277 1397 riorem
318 1361 538 1409 pustularum
579 1361 748 1396 conficere
788 1362 922 1409 putavi.
979 1361 1046 1397 Sed
1087 1366 1211 1409 praeter
1240 1363 1384 1398 cellulas
1413 1363 1525 1398 dictas
1553 1376 1690 1410 quoque
1720 1365 1807 1400 alias

149 1426 234 1473 vidi,
279 1426 392 1473 magis
433 1426 626 1473 elongatas,
670 1426 796 1472 quibus
839 1438 945 1461 venas
979 1427 1147 1462 formatas
1175 1439 1281 1474 supra
1310 1428 1472 1463 dixerim.
1528 1428 1648 1475 Ipsum
1677 1442 1805 1476 sorum,

148 1491 259 1538 sporis
300 1491 552 1538 pyriformibus
593 1503 874 1537 quoquoversum
915 1492 1136 1527 radiantibus
1175 1492 1413 1538 constitutum,
1449 1493 1600 1540 spatium
1636 1506 1806 1542 occupare

148 1556 232 1602 vidi,
262 1556 354 1602 quod
382 1556 498 1603 plures
531 1555 675 1590 cellulas
704 1555 886 1590 interiores
914 1559 1083 1601 aequaret,
1113 1555 1316 1602 pelliculam
1344 1556 1562 1602 obtegentem
1595 1558 1673 1604 pari
1701 1571 1806 1605 passu

148 1632 285 1667 quoque
327 1632 520 1668 expansam
561 1620 677 1663 fuisse,
715 1620 854 1655 facilius
883 1623 1132 1664 assumeretur,
1162 1623 1195 1654 et
1222 1632 1339 1654 sorum
1367 1620 1432 1655 hoc
1461 1621 1561 1655 modo
1591 1621 1726 1657 cellulis
1755 1624 1805 1658 di-

148 1696 257 1720 versae
298 1685 417 1719 formae
459 1686 503 1720 ab
545 1685 646 1719 initio
687 1685 862 1719 obtectum
905 1684 1021 1730 fuisse,
1066 1684 1171 1719 nullis
1213 1684 1328 1719 dubiis
1358 1697 1483 1720 vacare
1512 1686 1598 1720 1111111
1628 1687 1802 1734 adseruit.

147 1749 266 1797 Ipsam
309 1749 520 1797 pelliculam,
564 1749 845 1784 excrescentibus
887 1749 998 1794 magis
1040 1749 1221 1795 magisque
1261 1741 1383 1796 sporis,
1427 1750 1555 1785 sensim
1598 1752 1710 1797 magis
1746 1765 1804 1787 ex-

147 1827 294 1862 pansam
326 1819 359 1850 et
385 1814 581 1849 tenuiorem
609 1814 694 1857 fieri,
725 1826 872 1860 eamque
900 1814 965 1848 hoc
994 1814 1097 1848 modo
1126 1814 1266 1849 demum
1294 1814 1413 1849 forsan
1441 1814 1634 1858 obliterari,
1663 1816 1803 1851 eredere

146 1879 281 1925 liceret3
311 1883 451 1927 ruptam
479 1891 561 1914 vero
590 1884 650 1913 aut
679 1878 884 1913 distractam
913 1878 1061 1913 eandem
1089 1879 1273 1913 observare
1303 1878 1389 1913 mihi
1418 1891 1487 1913 non
1516 1880 1673 1925 contigit.
1704 1880 1801 1928 Ipsas

146 1955 265 1991 speras
307 1955 379 1979 esse
421 1944 464 1978 ab
498 1943 599 1978 initio
633 1943 838 1978 densissime
874 1942 1124 1990 juxtapositas,
1167 1943 1288 1989 quales
1316 1943 1442 1990 saepius
1472 1943 1637 1990 depictas,
1666 1957 1802 1991 quoquc

146 2008 237 2054 vidi,
268 2008 407 2043 demum
436 2020 517 2043 vero
546 2008 583 2042 in
610 2020 687 2043 soro
716 2007 908 2054 pauciores,
939 2007 1091 2042 invicem
1120 2008 1233 2054 magis
1262 2008 1401 2054 liberas,
1428 2010 1607 2044 etsensim
1629 2009 1802 2055 longiores

146 2072 220 2107 fieri
261 2072 546 2118 quandoquidem
587 2073 773 2106 observare
814 2071 947 2118 putavi.
1003 2070 1117 2118 Soros,
1159 2072 1280 2118 quales
1322 2073 1358 2107 in
1400 2073 1440 2107 1).
1471 2073 1670 2109 dichotoma
1698 2076 1801 2110 obve-

146 2137 256 2179 niunt,
300 2136 336 2170 in
376 2137 597 2183 paucissimis
638 2140 776 2170 tantum
817 2137 1012 2171 observavi.
1068 2137 1139 2172 Ubi
1181 2138 1318 2173 diverso
1361 2139 1462 2173 modo
1509 2140 1659 2185 quodam
1702 2141 1800 2175 aber-

144 2205 262 2236 rantes
290 2201 475 2236 observare
505 2201 647 2247 credidi,
676 2201 742 2236 hoc
770 2201 863 2236 infra
890 2201 1041 2249 speciem
1070 2203 1291 2238 aberrantem
1321 2203 1499 2238 adnotavi.

232 2360 252 2398 ¹)
278 2359 313 2387 In
346 2360 439 2389 Harv.
475 2359 599 2388 Manual
634 2371 662 2398 p.
692 2360 731 2389 32
755 2360 912 2398 sequentia
936 2361 1029 2390 verba
1052 2360 1135 2391 D:nae
1159 2362 1298 2392 Griffiths·
1323 2362 1470 2392 citantur:
1497 2364 1554 2391 “As
1578 2362 1624 2391 far
1649 2374 1680 2391 as
1706 2363 1717 2391 Ι
1743 2374 1799 2392 can

142 2410 235 2447 judge
269 2411 320 2438 the
357 2411 483 2439 clusters
519 2412 551 2439 of
582 2412 664 2440 seeds
700 2422 749 2439 are
785 2413 896 2449 always
920 2414 1034 2441 formed
1058 2414 1152 2442 under
1177 2425 1193 2442 a
1216 2418 1412 2451 transparent
1437 2415 1553 2442 vosiele⁴
1580 2415 1674 2442 11111011
1700 2415 1798 2452 disap-

144 2471 232 2498 pears
256 2462 340 2490 when
363 2462 415 2490 the
440 2463 534 2501 seeds,
554 2463 744 2500 originating
768 2463 875 2491 within
899 2464 950 2492 the
974 2465 1134 2493 substance
1157 2466 1190 2492 of
1210 2465 1262 2492 the
1286 2465 1371 2492 frond
1396 2466 1454 2492 riso
1472 2466 1565 2493 above
1587 2465 1638 2492 the
1656 2466 1795 2493 sur-face'.

246 2518 341 2542 Luuils
360 2519 444 2544 Univ.
464 2512 577 2544 Arsakia
614 2520 690 2545 Tom.
710 2520 819 2546 XXIX.
1679 2524 1695 2547 8
