2035 2844
839 113 978 137 Analecta
997 112 1174 145 Algologica.
1758 103 1823 136 171

178 200 380 247 siphonibus
409 199 546 234 articuli
578 211 697 234 revera
727 199 958 243 interioribus,
987 203 1020 234 et
1048 204 1192 246 utroque
1222 201 1328 236 latere
1357 206 1458 237 costae
1486 203 1641 249 singulis.
1686 204 1727 238 In
1757 217 1832 252 spe-

178 267 228 301 cie
271 266 371 310 dicta,
415 267 510 313 cujus
553 266 707 301 frondem
748 266 969 300 ecorticatam
999 266 1137 311 diceres,
1167 267 1328 302 stichidia
1356 269 1463 314 igitur
1491 275 1702 315 generantur
1731 272 1832 307 corti-

172 337 266 377 'cata3
309 322 426 368 eadem
470 333 540 368 fere
583 337 632 368 est
661 333 896 368 stichidiorum
928 337 1099 367 structura
1128 333 1163 367 in
1194 333 1274 368 Am.
1309 337 1518 371 nmmillari.
1576 337 1617 371 In
1649 337 1730 373 Am.
1762 338 1832 373 Ro-

177 400 324 445 biwsoui,
368 400 463 446 cujus
505 400 598 434 frons
641 399 768 434 sterilis
811 403 861 434 est
904 400 1078 444 corticata,
1112 400 1274 435 stichidia
1308 401 1366 436 vix
1396 402 1497 437 aliter
1526 404 1663 439 differre
1693 405 1832 450 diceres,

175 479 280 513 quam
322 471 428 502 strato
471 466 623 501 corticali
666 465 798 500 cellulis
842 466 1132 501 numerosioribus
1162 471 1335 509 contexte,
1366 468 1456 502 inter
1485 469 1626 505 cellulas
1655 471 1833 507 corticales

177 545 256 567 vero
300 533 500 578 dignoscere
540 533 642 584 liceat
672 533 758 567 alias
790 534 984 575 interiores,
1015 544 1100 578 quas
1130 532 1342 578 longioribus
1372 535 1546 581 (siphones
1575 537 1832 583 aemulantibus)

176 600 211 633 in
255 599 333 634 Am,
377 600 582 646 pinnatifida
627 600 736 634 obviis
780 599 945 645 analogas
975 603 1141 647 putarem,
1171 600 1324 647 aliasque
1354 604 1552 646 «nrm-iores,
1581 609 1726 640 stratum
1756 618 1832 653 pro-

177 667 286 714 prium
318 667 478 701 corticale
508 667 639 701 frondis
668 667 862 701 referentes.

279 733 375 775 Quod
420 733 543 768 attinet
585 734 688 768 situm
731 733 969 769 stichidiorum
1012 734 1048 768 in
1091 734 1220 773 fronde,
1249 735 1378 781 species
1407 735 1507 770 hodie
1537 738 1683 783 cognita*
1714 739 1827 774 varias

174 799 322 834 offerunt
365 800 643 835 modificationes.
701 799 844 835 Constat
887 800 1005 834 cadem
1047 813 1089 834 ex
1120 800 1263 846 venulis,
1294 802 1457 848 paginam
1488 805 1765 850 percurrentibus
1794 806 1830 840 in

175 866 253 901 Am.
296 867 508 910 immillare',
553 867 744 914 provenire.
801 867 843 901 In
887 867 967 901 Am.
1013 868 1236 901 Da‘meliaun
1281 868 1460 903 observavi
1491 870 1645 917 spinulas
1675 872 1830 917 singulas

174 933 433 977 minutissimas,
476 933 577 969 certis
620 933 701 968 locis
735 946 754 968 a.
788 935 915 982 pagina
947 935 1195 982 provenientes7
1224 947 1309 981 quas
1338 935 1577 981 stichidiorum
1608 937 1708 972 initia
1737 939 1830 985 quis-

175 1001 267 1048 piam
297 1001 412 1035 forsan
442 1001 686 1048 sus11›icaretur;
716 1001 778 1035 has
808 1013 888 1035 vcro
917 1001 1057 1035 omnino
1087 1000 1219 1035 steriles
1248 1005 1383 1035 tantum
1414 1002 1494 1036 vidi.
1551 1002 1593 1036 In
1623 1003 1724 1049 longe
1754 1003 1831 1050 plu-

174 1068 270 1103 rimis
300 1067 483 1114 Speciebus
513 1067 674 1103 stichidia
704 1068 862 1113 generari
893 1067 1194 1102 transformatione
1224 1067 1455 1103 lacinularum
1480 1069 1738 1115 marginalium,
1759 1082 1830 1105 cer-

173 1135 240 1169 tius
282 1139 432 1169 statuere
466 1134 557 1179 licet,
601 1147 693 1169 nunc
737 1147 815 1168 vero
858 1134 1062 1180 subs-iugula
1108 1133 1222 1168 forsan
1253 1138 1403 1175 manent,
1433 1147 1453 1169 a
1481 1135 1622 1169 crenula
1650 1136 1831 1171 incurvata

172 1205 259 1245 orta3
289 1201 413 1248 srepius
442 1201 631 1236 obveniunt
661 1201 760 1248 plura
789 1201 1039 1248 adproximata,
1070 1209 1128 1234 aut
1158 1200 1269 1245 magis
1299 1200 1483 1246 digitatim,
1512 1206 1571 1236 aut
1591 1202 1828 1249 subpinnatim

172 1267 350 1315 disposita,
380 1280 471 1302 nuno
501 1268 693 1303 evidentius
723 1268 955 1303 fasciculatim
985 1268 1138 1311 collecta,
1169 1268 1343 1303 fasciculis
1373 1269 1408 1303 in
1430 1269 1606 1305 nonnullis
1627 1271 1830 1316 marginali-

173 1335 244 1379 bus,
287 1335 322 1369 in
365 1335 442 1370 aliis
486 1348 505 1370 a
547 1335 675 1382 pagina
716 1335 1006 1382 provenientibus.
1064 1335 1106 1369 In
1136 1335 1292 1382 pluribus
1322 1336 1510 1382 speciebus,
1539 1349 1686 1383 quarum
1716 1338 1830 1385 apices

172 1402 345 1437 frondium
376 1401 485 1447 (velut
516 1402 703 1447 margines)
732 1402 905 1436 incurvati
935 1402 1113 1449 adparent,
1143 1401 1304 1436 stichidia
1333 1415 1467 1449 quoque
1496 1403 1696 1438 normaliter
1716 1404 1829 1438 incur-

172 1474 253 1504 vata
282 1480 355 1504 esse
385 1481 604 1504 assumerem.
634 1468 716 1516 ipsis
745 1469 991 1516 sphaerosporis
1021 1469 1186 1516 paginam
1212 1481 1330 1504 versus
1351 1481 1537 1504 concavam
1560 1470 1734 1518 paulisper
1754 1484 1830 1518 pro-

171 1536 323 1581 minulis,
353 1537 481 1584 pagina
511 1535 637 1571 dorsali
666 1535 763 1582 quasi
793 1535 881 1569 laevi.

277 1603 431 1637 Frondes
457 1602 629 1649 juveniles
658 1609 738 1636 sunt
767 1603 974 1650 adparenter
1004 1603 1073 1637 fere
1103 1607 1276 1647 ecostatae,
1306 1603 1430 1637 cellula
1461 1616 1540 1638 vero
1570 1604 1730 1639 centralis
1751 1604 1829 1649 (im-

171 1674 296 1713 mersa)
327 1682 407 1704 mox
436 1669 541 1713 adest,
571 1674 603 1704 et
633 1674 725 1704 costa
754 1669 791 1703 fit
820 1669 945 1703 sensim
978 1669 1087 1714 magis
1116 1669 1301 1716 conspicua
1330 1674 1401 1703 tum
1432 1669 1530 1704 novis
1561 1669 1693 1705 cellulis
1722 1670 1827 1705 inter-

170 1735 356 1770 stitialibus
398 1736 488 1770 inter
517 1748 573 1770 eas
603 1735 744 1769 cellulas
773 1735 970 1782 siphonales
1000 1736 1164 1780 formatis,
1194 1747 1269 1782 quae
1300 1736 1443 1770 centrali
1474 1736 1607 1771 cellulae
1636 1741 1715 1771 sunt
1744 1737 1827 1771 late-

171 1802 289 1837 raliter
332 1802 508 1850 proximae,
552 1806 623 1837 tum
658 1802 892 1838 subdivisione
925 1802 1139 1847 cellularum,
1169 1815 1245 1850 quae
1275 1803 1436 1838 cellulam
1465 1804 1651 1839 centralem
1682 1805 1828 1852 paginas

172 1882 289 1904 versus
331 1870 506 1915 obtegunt.
564 1868 667 1904 Costa
709 1869 772 1904 hoc
815 1870 915 1904 modo
945 1870 981 1904 fit
1011 1870 1147 1904 demum
1178 1871 1361 1905 admodum
1393 1872 1576 1918 conspicua
1608 1872 1643 1906 in
1674 1872 1828 1919 partibus

170 1936 391 1971 inferioribus
434 1936 680 1970 nonnullarum
723 1936 928 1983 specierum,
972 1937 1018 1970 ita
1052 1941 1088 1970 ut
1122 1937 1271 1971 sectione
1300 1937 1525 1972 transversali
1555 1938 1627 1972 folii
1658 1938 1828 1973 inferioris

171 2006 264 2037 costa
303 2006 402 2037 extra
431 2002 597 2036 laminam
629 2006 767 2036 tenuem
797 2003 956 2044 emineat,
987 2002 1159 2049 pulvinuli
1191 2003 1234 2037 ad
1263 2003 1373 2038 instar
1403 2005 1541 2051 proprii,
1572 2005 1666 2051 cujus
1696 2005 1828 2039 cellulae

170 2069 313 2103 minutae
342 2069 415 2104 sine
445 2069 628 2116 conspicuo
658 2069 777 2103 ordine
807 2069 979 2115 dispositae
1009 2069 1207 2116 adpareant.
1252 2069 1355 2105 Costa
1384 2070 1509 2115 valida,
1540 2071 1588 2105 ita
1609 2071 1766 2115 formata,
1791 2071 1827 2104 in

172 2136 326 2183 pluribus
356 2136 540 2183 Speciebus
570 2137 717 2171 sustinet
746 2137 986 2182 generationes
1015 2149 1122 2172 novas
1152 2137 1312 2172 foliorum
1334 2137 1612 2184 prolificantium.
1656 2137 1743 2171 Sunt
1763 2138 1827 2183 igi-

170 2207 225 2237 tur
267 2203 396 2250 species
439 2203 526 2248 aliae,
555 2216 701 2250 quarum
732 2204 869 2238 frondes
899 2203 1067 2250 adparent
1096 2204 1250 2250 pinnatae
1280 2209 1339 2238 aut
1368 2204 1596 2251 pinnatifidae,
1640 2210 1721 2239 sunt
1750 2204 1827 2238 aliae

170 2282 317 2316 quarum
347 2270 500 2316 juniores
530 2274 644 2317 partes
673 2274 753 2305 sunt
782 2270 966 2314 laciniatae,
996 2270 1182 2306 adultiores
1211 2284 1292 2306 vero
1323 2271 1628 2318 prolificationibus
1658 2271 1733 2318 plus
1763 2271 1827 2305 mi-

171 2349 234 2371 nus
278 2336 526 2383 decompositae,
570 2337 659 2372 foliis
702 2337 823 2371 harum
868 2348 887 2370 a
920 2340 1013 2371 costa
1041 2336 1230 2371 incrassata
1259 2336 1527 2382 emergentilms3
1570 2340 1650 2370 sunt
1680 2336 1826 2381 denique

171 2416 296 2451 paucae,
329 2416 475 2451 quarum
518 2404 600 2439 folia
642 2404 888 2450 integriuscula
931 2404 999 2439 fere
1041 2408 1174 2438 tantum
1220 2403 1344 2438 foliolis
1383 2415 1403 2436 a
1432 2406 1525 2437 costa
1554 2402 1826 2449 prolificantibus

172 2470 403 2518 decomposita
445 2471 606 2505 evadunt.
663 2471 817 2505 Laciniae
859 2474 891 2504 et
934 2469 1059 2514 foliola,
1094 2482 1170 2516 quae
1200 2482 1219 2505 a
1249 2469 1406 2514 margine
1435 2469 1652 2515 proveniunt>
1682 2472 1760 2502 sunt
1790 2468 1824 2501 in
