2035 2844
802 101 943 125 Analecta
962 101 1144 132 Algologica.
1742 87 1783 120 17
1792 87 1811 119 9

158 188 233 234 Fig.
268 188 430 222 17—QO.
488 186 799 220 CALLITHAMNION
829 185 1043 220 LARICINUM
1073 186 1200 233 plant-<e
1222 186 1533 234 sphaerosporiferae
1554 192 1677 234 partes,
1697 188 1816 234 quales

158 749 224 786 Fig.

158 872 225 908 Εἰς.

252 403 300 432 17.

187 526 225 554 ““.
254 527 301 554 18.

252 749 300 777 19.

250 872 299 901 20.

361 259 420 289 aut
462 254 604 299 steriles,
647 258 707 288 aut
750 253 890 299 organis
934 253 1062 300 proprii
1096 254 1231 299 generis
1261 254 1436 289 instructae
1466 255 1549 289 mihi
1581 255 1817 302 adparuerunt

357 321 634 356 evidentissimae.

344 403 473 430 Ramelli
507 402 690 437 terminales,
726 401 890 429 acuminati
915 404 944 428 et
969 401 1074 437 rigidi,
1099 401 1202 437 quales
1227 402 1349 438 plurimi
1374 406 1402 430 et
1426 413 1483 430 non
1507 404 1703 431 transmutati
1728 405 1816 432 obve-

357 454 452 482 niunt.

347 527 432 562 Apex
467 524 586 557 ramuli,
622 525 704 560 cujus
740 524 767 552 in
802 523 915 550 vertice
951 523 1040 550 iidem
1075 524 1194 551 ramelli
1222 524 1396 552 terminales
1420 526 1480 552 sere
1505 526 1655 563 suppressi
1680 531 1709 553 et
1732 527 1816 554 tabe-

358 579 473 604 scentes
508 576 627 613 adsunt7
664 578 695 603 at
731 577 817 602 extra
841 574 893 601 hos
917 583 1031 609 organa
1055 574 1164 601 adsunt
1187 574 1352 610 peculiaris
1375 575 1494 608 indolis,
1519 577 1617 612 quoad
1641 577 1815 614 adspectum

357 630 387 654 et
413 628 608 660 structura-m,
633 624 861 652 similitudinem
886 625 1055 653 evidentem
1081 635 1144 652 cum
1168 625 1320 662 adparatu
1344 626 1385 653 sic
1410 624 1490 654 dicto
1507 627 1731 665 triclwphorieo
1748 628 1816 656 offe-

356 678 466 705 rentia.

346 749 431 786 Apex
466 748 592 776 alterius
627 748 746 783 ramuli,
783 747 950 784 suppressis
987 747 1105 774 omnino
1141 751 1193 774 aut
1228 748 1441 776 transmutatis
1469 749 1602 777 ramellis
1627 750 1816 783 acuminatis,

357 811 447 838 supra
472 800 616 828 articulos
640 800 742 836 plures
766 799 923 826 inferiores
947 808 1053 834 gerens
1077 808 1191 834 organa
1216 798 1298 825 dicta
1321 798 1380 826 rite
1404 799 1587 827 terminalia.

345 872 490 910 Suprema
524 882 594 909 pars
629 871 748 905 ramuli,
774 872 857 907 cujus
882 870 919 898 ad
944 870 1105 897 articulum
1130 870 1301 897 inferiorem
1326 870 1533 907 splu‘erospora
1558 868 1643 898 adest
1667 871 1725 898 rite
1750 881 1816 899 evo-

357 924 437 957 luta3
472 924 541 951 huic
576 927 675 951 autem
706 922 904 960 respondente
929 921 1025 948 altero
1050 921 1175 948 ramello
1200 921 1284 957 apice
1308 921 1438 954 furcato,
1463 932 1552 949 unum
1577 922 1733 949 ramellum
1758 933 1816 950 non

359 977 605 1007 transmutatum,
630 975 759 1002 alterum
783 973 868 1000 modo
893 973 974 1000 dicto
998 975 1233 1000 transmutatum
1259 976 1391 1009 gerente.
1438 973 1485 1000 Ad
1508 973 1607 1000 basem
1632 973 1729 1009 hujus,
1759 975 1816 1002 cel—

356 1026 418 1053 lula
451 1026 628 1058 rotundata,
661 1035 725 1062 qua²
760 1024 798 1052 ad
832 1025 933 1052 basem
957 1024 1062 1060 organi
1087 1023 1146 1051 rite
1170 1024 1284 1051 evoluti
1308 1024 1442 1060 obvenit,
1468 1028 1642 1061 comparata
1666 1025 1815 1062 positione

356 1076 564 1113 sphzerospora
588 1075 731 1104 inchoans
755 1076 856 1103 forsan
881 1075 997 1103 cuidam
1023 1075 1188 1102 videretur.

442 1127 518 1154 Mihi
554 1127 615 1154 haec
649 1136 760 1163 organa
786 1136 877 1163 supra
899 1136 967 1163 pag.
993 1126 1010 1153 9
1035 1125 1219 1153 describenti
1243 1125 1385 1162 adparuit
1410 1126 1578 1153 functiones
1602 1136 1703 1154 eorum
1728 1137 1816 1164 quam

357 1177 484 1205 maxime
519 1178 626 1206 dubias
660 1177 768 1205 videri.
814 1177 845 1204 Si
880 1177 910 1204 in
944 1177 1051 1214 planta
1086 1177 1257 1204 favellifera
1281 1177 1458 1210 adfuissent,
1482 1177 1532 1205 vix
1557 1177 1707 1214 quispiam
1731 1178 1817 1206 dubi-

356 1231 450 1256 tasset
487 1229 590 1256 eadem
627 1239 691 1255 cum
716 1227 941 1264 trichophorico
967 1227 1118 1264 adparatu
1143 1227 1340 1263 congruentia
1365 1238 1523 1257 assumere.
1570 1228 1599 1256 Si
1625 1238 1695 1256 vero
1720 1232 1816 1265 cysto-

358 1279 527 1316 carpiorum
562 1279 722 1315 gemmidia
758 1282 911 1315 praeeunte
945 1278 1186 1311 foecundatione,
1221 1282 1253 1306 ut
1289 1279 1347 1306 fert
1375 1279 1493 1306 theoria
1518 1279 1674 1309 hodierna.
1698 1284 1815 1308 tantum

356 1331 536 1363 formantur,
571 1330 784 1367 spluerosporae
820 1339 890 1356 vero
926 1329 988 1357 sine
1018 1330 1247 1357 foecundatione
1271 1333 1501 1366 generarentur,
1525 1333 1611 1367 patet
1636 1330 1712 1358 alias
1735 1331 1817 1358 func-

356 1381 454 1409 tiones
479 1381 697 1409 adtribuendas
721 1391 782 1408 esse
806 1380 929 1416 organis
954 1391 970 1407 a
993 1389 1038 1407 me
1061 1380 1240 1409 observatis.
1286 1382 1425 1410 Duemzte
1448 1383 1613 1413 structura,
1638 1392 1752 1418 organa
1776 1392 1818 1409 se-

358 1432 512 1459 cernentia
547 1432 577 1459 in
600 1432 646 1459 his
670 1431 790 1459 facilius
815 1431 1001 1467 conjicerem.
1026 1434 1055 1458 et
1080 1431 1182 1458 eadem
1206 1431 1260 1458 hoc
1284 1431 1369 1459 modo
1394 1431 1499 1459 sistere
1524 1441 1638 1468 organa
1662 1432 1817 1459 Floridea-

357 1493 421 1510 rum
447 1483 544 1519 quoad
569 1482 738 1510 functiones
763 1492 826 1509 cum
852 1481 1141 1519 cryptostomatibus
1166 1482 1395 1513 Fucoidearum,
1419 1493 1484 1520 quae
1508 1483 1578 1510 olim
1596 1483 1713 1510 nomine
1729 1492 1818 1520 poros

356 1533 516 1562 mucifluos
545 1534 742 1570 designarunt
767 1534 834 1572 (cfr.
859 1534 889 1562 J.
915 1535 971 1568 Agl.
997 1533 1082 1568 Spec.
1108 1533 1286 1569 Saryassor.
1310 1533 1416 1562 Austr.
1436 1543 1509 1569 pay.
1534 1534 1586 1571 115¹)
1608 1534 1815 1570 congruentia.

358 1585 387 1613 Si
416 1585 541 1613 (lucente
560 1586 719 1620 positione,
744 1584 774 1612 in
799 1584 921 1620 organis
946 1584 1037 1611 dictis
1060 1584 1151 1611 initia
1175 1585 1451 1621 sphwrosporarum
1476 1585 1542 1621 quis
1566 1588 1742 1618 assumeret,
1765 1595 1817 1622 pa-

357 1640 411 1671 tet,
440 1646 485 1664 me
506 1636 618 1672 judice,
642 1639 675 1663 ut
697 1637 757 1672 jam
783 1645 874 1672 supra
897 1635 1008 1668 monui,
1032 1635 1086 1662 hoc
1110 1645 1168 1662 non
1192 1636 1266 1662 bene
1292 1636 1453 1663 consistere
1478 1646 1542 1663 cum
1567 1636 1705 1663 doctrina
1729 1635 1817 1663 hodie

356 1687 515 1724 divulgata
540 1687 575 1714 de
599 1690 709 1714 natura
733 1696 913 1723 organorum
937 1687 1168 1723 propagationis
1192 1687 1414 1721 Floridearum,
1438 1697 1563 1724 quarum
1589 1687 1651 1715 alia
1667 1688 1818 1722 sarmada,

357 1739 418 1767 alia
442 1748 502 1767 non
526 1739 666 1767 sea'mllia
691 1738 867 1766 docuerunt.

882 1983 1034 2016 Tabula
1062 1985 1105 2016 ΙΙ.

158 2102 233 2147 Fig.
267 2102 377 2136 1—3.
433 2101 630 2136 LEJoLISIA
660 2111 913 2135 AEGAGROPILA.

159 2183 227 2220 Fig.

159 2353 224 2390 Fig.

159 2424 226 2461 Fig.

252 2183 279 2211 1.

248 2355 265 2375 c)

249 2373 275 2382 ..n

249 2425 308 2454 3a.

324 2183 399 2210 Pars
433 2182 508 2210 rami
543 2182 722 2219 principalis
746 2181 953 2209 decumbentis
978 2192 1041 2209 cuni
1066 2181 1210 2209 radiculis
1234 2182 1369 2210 deorsum
1394 2185 1424 2209 et
1448 2182 1571 2209 ramulis
1595 2191 1709 2209 sursum
1735 2191 1816 2217 egre-

358 2233 527 2267 dientibus3
561 2233 705 2260 radiculae
729 2233 766 2261 ab
792 2232 933 2260 inferiore
957 2236 1045 2269 parte
1069 2233 1204 2268 articuli,
1228 2233 1336 2260 ramuli
1361 2243 1377 2260 a
1402 2233 1565 2270 superiore,
1588 2236 1621 2260 ut
1645 2232 1675 2259 in
1700 2232 1816 2259 decum-

356 2284 497 2311 bentibus
521 2284 697 2320 plerumque
721 2283 878 2317 obveniat3
902 2283 1047 2311 radiculae
1072 2284 1209 2311 deorsum
1234 2283 1496 2311 dentato-lobatae.

321 2354 395 2382 Pars
419 2354 545 2382 inferior
568 2355 644 2382 rami
669 2354 879 2383 adscendentis
903 2354 1000 2382 adhuc
1024 2354 1148 2382 sterilis.

354 2425 428 2453 Pars
462 2426 598 2462 superior
626 2426 703 2453 rami
727 2426 996 2463 sphaerosporiferi.
1043 2427 1067 2454 b.
1093 2426 1300 2463 sphaerospora
1323 2425 1476 2459 triangule
1501 2424 1597 2452 divisa
1622 2424 1702 2451 intra
1728 2433 1815 2450 meni—

356 2476 482 2503 branam
507 2476 667 2513 duplicem.
