2035 2844
789 118 930 143 Analecta
951 118 1131 150 Algologica.
1746 104 1788 139 19

129 206 228 252 quasi
258 205 293 239 in
321 204 526 252 caespitnlos
545 204 696 239 minutos
726 204 936 250 conjunctis,
971 205 1033 239 alii
1062 205 1162 250 rami,
1192 206 1292 250 quasi
1321 217 1426 252 supra
1455 205 1620 252 paginam
1652 206 1789 240 decum-

131 270 258 315 bentes,
301 282 389 315 vage
430 268 575 303 flexuosi
617 272 650 303 et
678 268 782 303 dense
811 269 956 314 ramosi,
987 269 1049 303 alii
1079 268 1299 304 erectiusculi
1329 269 1560 316 simpliciores
1589 274 1622 304 et
1650 271 1790 317 paucio-

130 334 225 369 ribus
267 333 424 368 articulis
466 333 669 379 pleruinspic
703 336 915 378 constantes,
952 333 1014 367 alii
1044 333 1194 379 denique
1223 334 1449 368 transmutari
1480 334 1644 368 videntur
1673 335 1708 369 in
1737 347 1790 369 or-

129 410 222 444 gana
267 397 587 443 obovato-globosa,
636 397 680 431 ad
721 397 886 431 articulos
933 396 1070 431 filorum
1112 398 1183 433 fere
1224 398 1371 439 sessilia7
1424 399 1512 433 intra
1557 399 1788 446 perisporium

129 462 313 509 hyalinum
347 462 544 508 congeriem
576 461 801 507 granulosam
830 461 1001 507 foventia,
1032 462 1124 497 hunc
1153 466 1355 497 contentum
1383 475 1476 497 nnnc
1505 464 1605 509 quasi
1637 464 1673 498 in
1702 464 1788 499 duas

130 531 244 574 partes
286 527 503 562 collaterales
538 526 757 561 subdivisum
791 526 977 561 observare
1006 526 1149 568 credidi⁷
1180 539 1284 573 quam
1316 539 1395 561 vcro
1425 528 1634 563 divisionem
1663 541 1789 575 parurn

131 592 330 627 distinctam
360 595 392 626 et
421 592 538 625 forsan
566 590 710 625 fortuito
739 591 983 625 obvenientem
1014 591 1174 626 lubenter
1203 591 1439 626 concederem.

232 657 372 691 Addere
404 656 518 703 placet
552 667 616 700 me,
646 659 769 702 praeter
797 655 992 701 specimina
1021 655 1250 702 Harveyana,
1281 655 1352 689 alia
1381 668 1610 702 comparasse.
1667 657 1709 691 In
1737 670 1785 704 sp.

130 722 356 768 Harveyano,
391 732 411 755 a
443 720 531 754 facie
572 719 932 765 observato,‘ccllulae
962 721 1143 755 corticales
1184 720 1391 766 geminatim
1429 720 1562 766 junctae
1604 726 1787 767 rcctangu-

129 787 218 821 lares
259 790 292 821 et
332 798 393 821 suo
435 785 605 820 diametro
648 784 859 831 2-plo-3-plo
902 784 1076 830 longiores
1118 785 1204 819 milii
1248 785 1497 831 adparuerunt.
1566 786 1710 831 Quoque
1752 786 1787 820 in

129 852 182 886 his
223 852 433 898 adparatum
478 849 616 884 filorum
662 848 937 896 superficialium
983 850 1103 885 adesse
1144 850 1282 897 putavi,
1333 853 1367 884 at
1409 849 1673 896 dispositionem
1720 862 1787 885 non

129 929 226 962 aeque
268 915 492 962 conspicuam
534 914 618 948 vidi.
673 913 716 947 In
758 913 856 948 icone
897 913 1142 959 Ki'itzingiana
1184 918 1396 949 strutturam
1438 926 1507 948 non
1549 915 1633 948 benc
1675 914 1787 948 reddi-

131 986 203 1015 tam
232 984 402 1027 putarem.

230 1045 332 1080 Patet
360 1048 571 1079 structuram
600 1043 757 1077 Zonariae
786 1043 961 1085 velutinae,
992 1043 1132 1089 qualern
1161 1044 1234 1090 ipse
1262 1055 1338 1077 cani
1367 1043 1451 1083 vidi,
1481 1055 1559 1077 cum
1589 1045 1687 1079 nulla
1716 1046 1785 1080 alia

129 1110 287 1145 Zonariae
328 1109 475 1144 Generis
515 1109 629 1156 specie
671 1109 757 1143 benc
799 1108 1001 1153 convenire,
1036 1120 1113 1142 eam
1148 1112 1265 1143 tamen
1296 1107 1408 1153 magis
1438 1114 1685 1153 congruentem
1714 1124 1786 1146 csse

129 1187 206 1209 cnm
250 1174 408 1209 Zonariis
449 1186 554 1219 quam
588 1185 665 1207 cum
694 1172 873 1219 speciebus
902 1172 1077 1207 Cutleriae.
1124 1172 1170 1216 Si
1200 1177 1319 1207 contra
1349 1180 1463 1221 partes
1494 1175 1784 1219 fructificationis,

128 1239 248 1285 quales
289 1240 351 1274 has
393 1239 476 1280 vidi,
507 1241 765 1284 comparantur,
795 1237 918 1272 saltem
948 1237 1149 1283 analogiam
1178 1238 1357 1284 quandam
1387 1241 1422 1274 in
1452 1240 1678 1286 dispositione
1708 1252 1784 1287 par-

128 1304 214 1339 tium
257 1305 371 1351 potius
414 1303 503 1338 inter
544 1302 782 1337 Cutleriaceas
823 1314 929 1348 quam
971 1303 1062 1337 inter
1103 1303 1292 1338 Zonarieas
1321 1304 1460 1339 facilius
1494 1305 1571 1351 <luis
1602 1304 1783 1339 inveniret.

128 1369 175 1415 Si,
206 1373 243 1404 ut
271 1368 521 1404 recentioribus
563 1367 771 1413 quibusdam
816 1367 997 1414 placuerit,
1041 1366 1279 1402 Cutleriaceas
1309 1381 1329 1402 a
1358 1369 1551 1415 Dictyoteis
1581 1369 1785 1415 dignoscere

128 1438 334 1481 opporteret,
356 1434 523 1468 suadente
542 1432 729 1479 praesentia
748 1431 982 1479 sporidiorum
1003 1432 1187 1466 mobilium
1209 1432 1245 1466 in
1268 1433 1348 1479 illis,
1374 1434 1510 1469 defectu
1527 1438 1644 1469 antem
1660 1434 1783 1468 horum

129 1500 164 1533 111
184 1499 386 1545 Dictyoteis,
413 1502 508 1545 patet
527 1497 734 1532 affinitatem
757 1497 955 1543 proximam
975 1496 1200 1531 Mierozonia·
1221 1509 1289 1532 non
1310 1498 1504 1544 dijudicare
1524 1499 1639 1541 licere,
1665 1499 1784 1544 ignota

128 1564 241 1599 adbuc
282 1567 407 1598 natura
448 1574 670 1608 organorum,
713 1573 789 1607 quae
830 1573 935 1608 supra
968 1561 1162 1596 describere
1195 1566 1339 1596 conatus
1380 1575 1467 1597 sum.
1529 1563 1583 1597 Ex
1618 1563 1783 1609 adspectu

129 1629 241 1676 potius
273 1628 428 1675 sporidia
456 1639 562 1673 quam
590 1638 709 1673 sporas
739 1626 773 1660 in
803 1626 872 1660 illis
900 1627 1061 1670 generari
1091 1626 1316 1672 conjicerem,
1347 1627 1575 1674 perpendenti
1596 1639 1676 1662 vero
1697 1628 1784 1662 mihi

128 1693 282 1740 sporidia
324 1693 468 1727 mobilia
510 1703 646 1738 quoque
676 1691 711 1725 111
740 1690 937 1725 Generibus
965 1691 1230 1737 Dictyotearum
1258 1692 1444 1726 observata
1472 1692 1589 1738 fuisse,
1620 1692 1785 1739 adparuit

130 1758 187 1792 vix
230 1758 311 1792 huic
340 1757 533 1792 characteri
563 1756 660 1790 illam
694 1756 765 1790 vim
799 1755 1069 1792 adtribuendam
1103 1768 1186 1798 esse,
1217 1768 1322 1802 quani
1351 1756 1571 1802 postularunt
1600 1757 1671 1791 alii.
1726 1757 1784 1791 Me

129 1826 256 1867 autem,
287 1822 489 1868 analogiam
518 1821 615 1855 illam
644 1821 679 1854 in
700 1820 926 1867 dispositione
946 1821 1101 1868 partium
1121 1821 1401 1855 fructificationis
1422 1821 1649 1865 indicantem,
1672 1821 1783 1856 neuti-

128 1900 233 1933 quam
263 1888 352 1933 fugit
381 1887 491 1934 ipsam
520 1886 667 1921 formam
698 1886 850 1932 partium
880 1887 915 1920 in
943 1885 1172 1920 Cutleriaceis
1201 1898 1274 1920 esse
1302 1886 1489 1931 diversam,
1512 1890 1629 1932 utpote
1650 1885 1783 1920 cellula*

128 1953 258 1988 fertiles
288 1953 323 1987 in
351 1951 580 1986 Cutleriaceis
609 1950 754 1997 siliquas
784 1950 1162 1985 articulato-areolatas
1191 1950 1330 1995 referre,
1361 1963 1494 1996 organa
1523 1955 1637 1985 autem
1660 1951 1695 1985 in
1716 1951 1782 1985 Mi-

128 2018 299 2063 crozonia,
330 2028 350 2051 a
378 2028 433 2051 ine
460 2016 655 2061 observata,
685 2027 805 2062 sporas
837 2015 887 2050 sic
916 2015 1036 2060 dictas,
1068 2015 1103 2049 in
1132 2015 1326 2062 Dictyoteis
1355 2015 1515 2062 plurimis
1544 2016 1780 2061 obvenientes,

127 2083 284 2117 annulari
315 2082 526 2116 viderentur.
568 2080 696 2114 Nescio
726 2092 827 2125 anne,
858 2079 911 2114 his
940 2080 1102 2115 omnibus
1134 2081 1199 2115 rite
1227 2080 1416 2127 perpensis,
1448 2080 1637 2114 affinitates
1665 2081 1782 2127 proxi-

128 2159 192 2181 mae
220 2147 445 2181 Microzoniae
486 2157 549 2180 nec
590 2145 680 2179 inter
721 2144 920 2189 Zonarieas,
964 2157 1027 2179 nec
1057 2145 1147 2179 inter
1174 2144 1413 2180 Cutleriaceas
1442 2148 1692 2190 qinererentur,
1723 2145 1779 2179 sed

128 2211 246 2246 Genus
274 2223 404 2245 novum
433 2211 469 2245 in
498 2209 629 2244 vicinia
657 2209 801 2243 Taenia*
831 2213 919 2244 essct
948 2209 1212 2256 disponendum.

228 2276 366 2323 Species
394 2276 509 2317 unica,
539 2274 641 2309 hodie
670 2273 757 2308 inihi
785 2274 937 2321 cognita,
968 2278 1033 2309 est:

131 2342 160 2375 l.
216 2341 451 2376 MICROZONIA
491 2348 681 2375 VELUTINA
724 2340 896 2388 (Zomc‘rm
940 2341 1091 2374 meliarina
1133 2340 1245 2374 Ham.
1289 2339 1343 2374 Fl.
1387 2350 1461 2373 ww.
1507 2339 1597 2380 ch.;
1632 2338 1668 2371 J.
1712 2338 1778 2381 Ay.

230 2406 332 2440 Bidr.
367 2404 444 2449 Alf).
478 2406 566 2450 Syst.
603 2405 632 2439 I.
670 2418 707 2449 2).
738 2408 796 2451 50,
840 2405 1094 2449 Sfflcfofflossmn
1125 2406 1310 2439 &clusinum
1340 2405 1445 2438 Killa.
1480 2403 1560 2437 Tul).
1585 2404 1684 2447 phgsc.
1715 2403 1777 2436 vol.

230 2468 287 2504 Lx
313 2469 378 2504 tab.
408 2469 482 2516 51).
