2035 2844
233 116 277 150 74
940 129 957 153 J
985 128 1015 153 e⁴
1039 129 1164 159 Agardh.

383 216 475 249 Hal).
505 215 548 250 ad
577 226 655 249 oras
684 214 854 249 australes
883 214 994 248 Novae
1022 213 1223 249 Hellandiae
1251 214 1299 255 (J.
1329 214 1430 248 Brac.
1460 213 1632 254 YVilsonl)

314 295 382 322 Htec
416 292 643 321 ramificationis
677 302 780 319 norma
814 292 852 319 ad
886 293 921 320 Ι).
956 291 1166 329 pinnatifidam
1204 292 1355 326 accedens,
1382 291 1469 318 offert
1497 290 1630 318 frondem
1660 290 1875 324 angustiorem,

230 346 338 373 formas
362 346 396 374 D.
422 344 544 372 linearis
578 354 683 380 parum
712 343 876 370 latitudine
900 346 1105 380 superantem3
1135 346 1166 370 at
1190 341 1362 370 substantia
1387 341 1515 368 firmiore
1540 344 1568 368 et
1593 342 1691 369 tenaci
1717 341 1876 369 instructa.

230 397 255 423 A
279 396 355 423 facie
389 396 531 433 adspecta
565 397 609 422 est
638 394 744 421 eximie
769 394 944 422 fenestrata.
990 394 1111 422 Cellulze
1135 394 1294 421 interiores
1318 393 1548 424 translucentes,
1573 392 1801 428 rectangulares
1825 392 1876 418 ad-

230 449 337 483 parent
372 457 423 474 suo
456 446 603 474 diametro
637 444 821 481 21110-31110
856 445 1013 480 longiores.
1059 444 1190 472 Cellnlas
1224 444 1396 471 fructiferas
1426 443 1483 470 rite
1512 443 1647 470 evolutas
1678 453 1722 470 me
1747 442 1876 469 nondum

230 498 412 531 observasse,
437 497 535 524 dicere
558 496 603 523 fas
627 499 681 524 est.

234 609 290 643 23.
344 608 384 643 D.
414 616 656 642 PINNATIFIDA
684 608 788 642 Ksitz.
821 607 902 641 Tul).
930 608 1025 651 playa
1053 608 1117 642 vol.
1148 605 1204 641 Lx'
1232 606 1298 640 tal».
1328 608 1385 640 39.

315 695 476 731 Postquam
500 695 531 722 in
556 694 644 723 Bz'dr.
679 693 748 729 Aly.
777 694 853 730 Syst.
888 695 930 723 II
955 704 987 729 2).
1012 697 1068 722 100
1092 695 1127 722 de
1151 694 1206 721 hac
1230 694 1326 730 specie
1350 693 1527 721 mentionem
1552 693 1618 728 feci,
1642 692 1804 730 specimina
1827 692 1879 719 ha-

231 746 282 774 bui
306 756 341 773 ex
365 746 498 779 Florida,
534 756 597 782 quse
631 745 668 773 ab
703 745 884 773 Australicis
909 756 923 773 a
948 756 992 773 me
1021 745 1058 773 ad
1086 745 1162 772 hanc
1186 745 1312 782 speciem
1337 744 1442 772 relatis
1466 744 1585 771 diversa
1608 747 1691 781 puto.
1738 743 1880 770 Nentrius

231 797 394 834 specimina
417 797 491 825 bene
515 796 672 824 fructifera
695 796 768 824 vidi.

233 919 291 953 24.
345 918 387 953 D.
416 925 599 953 RADICANS
630 917 740 951 Harr.
771 914 873 960 Plzgsc.
902 918 1006 949 ‹mstr
1038 914 1103 948 tab.
1134 916 1208 947 119.

317 1006 495 1044 Specimina,
530 1015 595 1042 quoe
629 1003 718 1031 hodie
746 1003 783 1030 ad
807 1003 883 1030 hanc
906 1002 1033 1039 speciem
1056 1002 1162 1037 refero,
1189 1001 1322 1029 indicare
1346 1001 1522 1030 viderentur
1546 1002 1673 1039 speciem
1698 1011 1758 1029 esse
1783 1000 1880 1037 quoad

232 1058 417 1094 adspectum,
450 1056 574 1083 formam
602 1057 832 1091 segmentorum,
859 1055 889 1079 et
913 1051 1113 1079 substantiam
1138 1051 1295 1079 admodum
1320 1052 1446 1085 variam,
1491 1052 1622 1088 Harvey,
1647 1052 1696 1088 qui
1721 1051 1881 1078 nonnullas

232 1108 341 1134 formas
375 1107 432 1134 sibi
468 1105 604 1142 cognitas
638 1104 778 1132 habuisse
813 1103 944 1137 videtur,
978 1103 1161 1140 praecipuum
1197 1103 1399 1130 characterem
1430 1103 1538 1140 speciei
1571 1114 1587 1131 a
1611 1103 1755 1131 radiculis
1778 1103 1882 1130 filifor-

232 1158 338 1193 mibus,
363 1157 399 1184 ab
426 1156 567 1184 inferiore
590 1158 677 1192 parte
702 1154 817 1182 frondis
841 1153 1100 1189 descendentibus,
1124 1153 1281 1181 deduxisse
1305 1154 1436 1182 videtur.
1481 1154 1543 1181 Hoc
1568 1154 1741 1182 charactere
1765 1163 1882 1190 qnoque

232 1208 411 1236 conveniunt
439 1208 548 1242 formae,
574 1216 647 1243 quas
675 1205 762 1233 hodie
787 1205 824 1232 ad
849 1204 975 1241 speciem
999 1204 1207 1240 Harveyanam
1231 1205 1339 1233 refero.
1385 1205 1444 1233 Sed
1468 1205 1529 1232 haec
1553 1214 1667 1241 organa
1690 1205 1721 1232 in
1744 1204 1882 1242 pluribus

232 1259 386 1296 speciebus
410 1261 489 1285 certe
514 1257 640 1285 diversis
664 1266 780 1293 qnoque
805 1255 957 1290 obvenire,
982 1255 1080 1282 dicere
1104 1255 1162 1282 fast
1186 1258 1241 1288 est,
1265 1255 1289 1283 si
1313 1266 1430 1292 quoque
1454 1255 1483 1283 in
1506 1255 1644 1293 plurimis
1668 1256 1762 1283 multo
1787 1254 1882 1282 minus

233 1309 401 1347 conspicua.
447 1307 515 1335 Fila
549 1307 610 1335 haec
644 1306 824 1341 radicantia7
860 1316 923 1342 (11116
953 1316 1017 1333 cum
1045 1306 1212 1334 stolonibus
1235 1307 1407 1343 plantarum
1432 1306 1618 1344 superiorum
1644 1307 1743 1334 forsan
1768 1315 1883 1342 compa-

232 1360 326 1388 randa
359 1359 511 1394 videntur,
538 1368 555 1386 a
583 1357 742 1393 segmentis
777 1355 980 1389 inferioribus,
1015 1366 1091 1384 nunc
1116 1366 1132 1383 a
1156 1356 1301 1393 margine,
1336 1367 1412 1385 nnnc
1448 1367 1481 1384 ex
1517 1357 1581 1394 ipsa
1604 1356 1715 1394 pagina
1739 1355 1877 1394 proveni-

234 1410 325 1446 entia,
350 1409 422 1447 quin
446 1409 536 1437 immo
560 1408 722 1445 aliquando
747 1418 863 1444 quoque
888 1418 904 1435 a
929 1407 1089 1443 segmentis
1113 1407 1317 1444 superioribus
1342 1408 1482 1435 exeuntia
1506 1407 1580 1441 vidi,
1604 1418 1680 1444 ssepe
1704 1410 1772 1434 sunt
1796 1407 1883 1444 polli-

234 1461 315 1489 caria
350 1460 548 1496 longitudine,
583 1462 613 1487 et
648 1462 740 1487 setam
776 1459 912 1486 crassitie
941 1458 1103 1495 {equantia⁷
1138 1458 1253 1485 demum
1289 1458 1363 1486 dura
1392 1458 1599 1495 teretinseula7
1628 1458 1758 1486 sectione
1787 1460 1884 1485 trans-

233 1512 343 1540 versali
378 1511 458 1539 intra
494 1510 637 1538 corticale
673 1512 801 1537 stratum
836 1509 1187 1537 submonostromaticum
1224 1509 1346 1538 cellulas
1381 1510 1540 1537 interiores
1575 1510 1677 1547 plnres
1706 1512 1734 1537 et
1758 1509 1884 1546 plurise-

233 1563 328 1590 riatas
362 1561 570 1590 monstrantia.
616 1561 730 1589 Forsan
755 1561 873 1589 credere
898 1561 968 1588 licet
992 1564 1095 1598 partes
1119 1571 1135 1588 a
1158 1561 1264 1597 planta
1288 1564 1383 1588 matre
1407 1562 1568 1597 sejunctas,
1592 1561 1707 1588 demum
1732 1560 1777 1587 his
1801 1560 1884 1596 adju-

234 1614 374 1642 ventibus
398 1613 519 1649 organis
543 1612 656 1640 adfixas
680 1611 756 1648 fieri,
780 1622 872 1640 novas
894 1612 1016 1649 plantas
1039 1611 1083 1639 ita
1106 1614 1310 1647 generaturas.

319 1665 473 1701 Specimen
497 1675 513 1691 a
536 1664 656 1699 Harvey
692 1664 852 1700 depictum,
889 1663 967 1699 quod
995 1663 1130 1700 plantam
1155 1662 1318 1698 juvenilem
1342 1661 1447 1689 sistere
1471 1664 1619 1698 putarem,
1644 1662 1740 1688 colore
1764 1664 1793 1689 et
1817 1661 1885 1688 sub-

237 1716 351 1743 stantia
375 1716 412 1742 ab
437 1715 504 1742 :iliis
528 1714 683 1751 speciebus
706 1724 811 1751 parum
837 1715 980 1742 abludere
1004 1714 1169 1742 videretur.
1215 1714 1255 1741 At
1279 1713 1400 1750 plantas
1423 1713 1486 1741 vidi
1510 1713 1603 1740 multo
1628 1712 1772 1740 firmiores
1796 1723 1883 1749 quam

240 1767 270 1794 in
294 1766 432 1803 plurimis
463 1766 530 1793 aliis
553 1765 717 1802 speciebus⁷
742 1776 815 1802 quas
839 1765 876 1792 ad
900 1765 1023 1793 eandem
1047 1765 1172 1802 speciem
1197 1764 1308 1792 referre
1332 1763 1382 1791 vix
1406 1763 1555 1791 dubitavi.
1602 1763 1762 1799 Segmenta
1786 1763 1815 1790 in
1839 1763 1885 1790 his

238 1818 299 1846 vidi
335 1817 420 1854 quasi
456 1820 626 1844 transverse
654 1820 773 1852 zonata,
808 1816 889 1843 zonis
918 1827 934 1843 a
958 1815 1093 1852 margine
1128 1815 1165 1843 ad
1200 1815 1365 1851 marginem
1396 1815 1510 1842 demum
1546 1814 1640 1842 lineas
1664 1817 1804 1841 arcuatas
1828 1815 1885 1841 for-

235 1869 358 1897 mantia.
392 1869 443 1896 11ae
468 1868 552 1895 linea}
575 1867 711 1895 indicant
735 1871 820 1904 septa
843 1867 1070 1902 transversalia,
1093 1866 1202 1903 quibus
1225 1868 1403 1903 separantur
1428 1865 1542 1892 cellulae
1559 1864 1648 1892 strati
1666 1864 1831 1898 interioris3
1856 1867 1885 1892 et

236 1921 418 1947 increscente
452 1918 546 1955 magis
581 1921 800 1954 segmentorun]
827 1922 915 1955 parte
941 1917 1048 1954 media,
1074 1917 1168 1945 lineas
1191 1927 1307 1945 sursum
1331 1915 1477 1944 arcuatim
1501 1915 1686 1952 prominulas
1709 1915 1773 1942 fieri
1799 1915 1882 1944 finxi.

236 1971 370 1998 Parietes
394 1973 540 2006 pra—terea
564 1969 751 2004 cellularum,
775 1969 825 2005 qui
850 1969 970 1996 iteratis
997 1968 1194 1996 divisionibus
1217 1967 1312 2004 magis
1336 1967 1489 2003 magisque
1514 1969 1674 2002 augentur,
1698 1966 1784 1993 simul
1809 1976 1886 1994 cras-

236 2022 304 2049 sitie
328 2021 492 2048 increscere
516 2020 656 2047 videntur
681 2022 710 2047 et
735 2020 850 2046 demum
875 2019 1031 2047 admodum
1057 2018 1208 2055 conspicui
1232 2018 1317 2050 fiunt,
1342 2017 1386 2045 ita
1410 2020 1443 2044 ut
1467 2016 1569 2044 senilis
1590 2026 1607 2043 a
1624 2016 1699 2043 facie
1723 2017 1885 2044 observata

237 2073 352 2100 demum
388 2070 545 2098 admodum
581 2070 736 2106 conspicue
766 2070 931 2097 fenestrata
960 2069 1116 2106 adpareat.
1162 2069 1223 2096 Hoc
1247 2068 1332 2096 modo
1356 2068 1462 2105 planta
1490 2067 1592 2095 senilis
1626 2067 1739 2094 firmior
1763 2070 1792 2094 et
1816 2070 1886 2094 tena

238 2123 298 2151 cior
323 2122 469 2159 adpareat
494 2131 581 2157 quam
606 2121 635 2148 in
658 2120 796 2157 plurimis
820 2120 888 2148 aliis
912 2120 1075 2158 speciebus.

323 2176 444 2208 Quoque
479 2171 577 2207 quoad
610 2171 733 2198 formam
769 2173 988 2207 segmentorum
1021 2169 1206 2198 differentias
1242 2170 1343 2197 adesse
1370 2172 1518 2206 putarem7
1545 2168 1653 2206 quibus
1678 2168 1750 2196 duas
1774 2168 1887 2206 species

239 2224 372 2252 diversas
406 2221 534 2249 indicari
568 2221 686 2249 facilius
720 2222 821 2248 forsan
855 2221 921 2258 quis
956 2221 1100 2249 erederet.
1147 2221 1180 2248 111
1214 2221 1309 2248 forma
1333 2230 1349 2247 a
1372 2220 1492 2256 Harvey
1527 2219 1646 2257 depicta
1681 2221 1833 2255 segmenta
1857 2221 1885 2246 et

239 2285 353 2303 sursum
389 2277 417 2301 et
453 2273 588 2300 deorsum
624 2275 783 2300 attenuata
808 2273 845 2299 ad
869 2273 991 2299 formam
1021 2272 1217 2299 lanceolatam
1242 2271 1399 2299 tendentia
1422 2271 1611 2303 videre-ntum
1636 2270 1687 2298 ubi
1711 2270 1821 2298 latiora
1846 2269 1886 2305 (in

238 2325 336 2353 media
371 2334 423 2352 sua
457 2323 556 2361 parte)
591 2323 699 2351 lineam
732 2334 837 2360 parum
873 2322 1045 2359 superantia
1082 2322 1255 2350 latitudine.
1290 2321 1360 2349 Alia
1394 2321 1556 2358 specimina
1590 2324 1698 2357 gerunt
1733 2323 1886 2357 segmenta

239 2376 350 2403 latiora
385 2375 527 2409 (2‹lineas
561 2374 635 2412 lata)
665 2374 780 2402 ambitu
812 2375 873 2401 fere
910 2374 1036 2401 linearia
1071 2377 1100 2401 et
1134 2373 1229 2409 magis
1263 2373 1379 2401 obtusa.
1434 2373 1496 2400 Hoc
1530 2372 1614 2399 modo
1649 2372 1709 2399 sere
1745 2371 1886 2399 differunt

239 2428 350 2460 formw,
385 2436 457 2463 quas
490 2426 560 2454 olim
595 2425 706 2464 species
740 2425 873 2453 diversas
897 2425 1013 2462 putavi,
1048 2424 1203 2462 supposita
1237 2424 1358 2460 insuper
1393 2423 1512 2451 diversa
1540 2422 1735 2460 dispositione
1767 2422 1887 2450 cellula-

239 2487 303 2505 rum
328 2477 483 2505 fertilium.
