<?xml version="1.0" encoding="UTF-8"?>
<!DOCTYPE html PUBLIC "-//W3C//DTD XHTML 1.0 Transitional//EN"
    "http://www.w3.org/TR/xhtml1/DTD/xhtml1-transitional.dtd">
<html xmlns="http://www.w3.org/1999/xhtml" xml:lang="en" lang="en">
 <head>
  <title>
</title>
<meta http-equiv="Content-Type" content="text/html;charset=utf-8" />
  <meta name='ocr-system' content='tesseract 3.04.00' />
  <meta name='ocr-capabilities' content='ocr_page ocr_carea ocr_par ocr_line ocrx_word'/>
</head>
<body>
  <div class='ocr_page' id='page_1' title='image "./lundsuniversitet2830lund_0175.png"; bbox 0 0 2035 2844; ppageno 0'>
   <div class='ocr_carea' id='block_1_1' title="bbox 794 86 1781 135">
    <p class='ocr_par' dir='ltr' id='par_1_1' title="bbox 794 86 1781 135">
     <span class='ocr_line' id='line_1_1' title="bbox 794 86 1781 135; baseline -0.009 -7"><span class='ocrx_word' id='word_1_1' title='bbox 794 104 933 128; x_wconf 77' lang='lat' dir='ltr'>Analecta</span> <span class='ocrx_word' id='word_1_2' title='bbox 953 102 1135 135; x_wconf 82' lang='lat' dir='ltr'>Algologica.</span> <span class='ocrx_word' id='word_1_3' title='bbox 1715 86 1781 120; x_wconf 76' lang='grc'>161</span> 
     </span>
    </p>
   </div>
   <div class='ocr_carea' id='block_1_2' title="bbox 129 185 1788 479">
    <p class='ocr_par' dir='ltr' id='par_1_2' title="bbox 129 185 1788 479">
     <span class='ocr_line' id='line_1_2' title="bbox 136 185 1787 225; baseline -0.004 -6"><span class='ocrx_word' id='word_1_4' title='bbox 136 191 225 218; x_wconf 85' lang='lat' dir='ltr'>Initio</span> <span class='ocrx_word' id='word_1_5' title='bbox 249 190 388 218; x_wconf 87' lang='lat' dir='ltr'>dubitavi</span> <span class='ocrx_word' id='word_1_6' title='bbox 412 200 487 217; x_wconf 85' lang='lat' dir='ltr'>anne</span> <span class='ocrx_word' id='word_1_7' title='bbox 511 199 615 216; x_wconf 88' lang='lat' dir='ltr'>novam</span> <span class='ocrx_word' id='word_1_8' title='bbox 634 188 766 225; x_wconf 78' lang='lat' dir='ltr'>Speciem</span> <span class='ocrx_word' id='word_1_9' title='bbox 786 187 1009 223; x_wconf 59' lang='lat' dir='ltr'>Corynecladize</span> <span class='ocrx_word' id='word_1_10' title='bbox 1027 187 1056 214; x_wconf 90' lang='lat' dir='ltr'>in</span> <span class='ocrx_word' id='word_1_11' title='bbox 1074 197 1108 214; x_wconf 88' lang='lat' dir='ltr'>ea</span> <span class='ocrx_word' id='word_1_12' title='bbox 1124 196 1284 223; x_wconf 77' lang='lat' dir='ltr'>agnoscere</span> <span class='ocrx_word' id='word_1_13' title='bbox 1301 189 1491 223; x_wconf 70' lang='lat' dir='ltr'>opporteret,</span> <span class='ocrx_word' id='word_1_14' title='bbox 1516 188 1546 213; x_wconf 88' lang='lat' dir='ltr'>at</span> <span class='ocrx_word' id='word_1_15' title='bbox 1564 186 1600 213; x_wconf 86' lang='lat' dir='ltr'>ab</span> <span class='ocrx_word' id='word_1_16' title='bbox 1617 185 1663 213; x_wconf 86' lang='lat' dir='ltr'>his</span> <span class='ocrx_word' id='word_1_17' title='bbox 1678 185 1787 213; x_wconf 87' lang='lat' dir='ltr'>habitu</span> 
     </span>
     <span class='ocr_line' id='line_1_3' title="bbox 136 236 1786 273; baseline -0.002 -5"><span class='ocrx_word' id='word_1_18' title='bbox 136 252 193 268; x_wconf 88' lang='lat' dir='ltr'>non</span> <span class='ocrx_word' id='word_1_19' title='bbox 227 241 323 268; x_wconf 88' lang='lat' dir='ltr'>minus</span> <span class='ocrx_word' id='word_1_20' title='bbox 347 240 469 267; x_wconf 75' lang='lat' dir='ltr'>recedit.</span> <span class='ocrx_word' id='word_1_21' title='bbox 516 239 545 266; x_wconf 79' lang='lat' dir='ltr'>Si</span> <span class='ocrx_word' id='word_1_22' title='bbox 570 239 649 266; x_wconf 86' lang='lat' dir='ltr'>inter</span> <span class='ocrx_word' id='word_1_23' title='bbox 677 237 930 273; x_wconf 71' lang='lat' dir='ltr'>(¹homlriopsides</span> <span class='ocrx_word' id='word_1_24' title='bbox 954 236 1121 264; x_wconf 70' lang='lat' dir='ltr'>subsimiles</span> <span class='ocrx_word' id='word_1_25' title='bbox 1146 246 1318 272; x_wconf 47' lang='lat' dir='ltr'>quaererem,</span> <span class='ocrx_word' id='word_1_26' title='bbox 1343 237 1380 264; x_wconf 87' lang='lat' dir='ltr'>ad</span> <span class='ocrx_word' id='word_1_27' title='bbox 1406 237 1456 264; x_wconf 69' lang='lat' dir='ltr'>Cla.</span> <span class='ocrx_word' id='word_1_28' title='bbox 1476 237 1654 272; x_wconf 66' lang='lat' dir='ltr'>fusasolimn</span> <span class='ocrx_word' id='word_1_29' title='bbox 1680 240 1709 263; x_wconf 85' lang='lat' dir='ltr'>et</span> <span class='ocrx_word' id='word_1_30' title='bbox 1736 236 1786 264; x_wconf 72' lang='lat' dir='ltr'>Ch.</span> 
     </span>
     <span class='ocr_line' id='line_1_4' title="bbox 129 287 1787 327; baseline -0.003 -9"><span class='ocrx_word' id='word_1_31' title='bbox 129 291 303 327; x_wconf 70' lang='lat' dir='ltr'>folizferccm</span> <span class='ocrx_word' id='word_1_32' title='bbox 338 290 477 318; x_wconf 80' lang='lat' dir='ltr'>accedere</span> <span class='ocrx_word' id='word_1_33' title='bbox 512 289 667 321; x_wconf 73' lang='lat' dir='ltr'>dixissem,</span> <span class='ocrx_word' id='word_1_34' title='bbox 702 288 845 315; x_wconf 84' lang='lat' dir='ltr'>suadente</span> <span class='ocrx_word' id='word_1_35' title='bbox 880 297 949 315; x_wconf 83' lang='lat' dir='ltr'>vero</span> <span class='ocrx_word' id='word_1_36' title='bbox 974 290 1127 314; x_wconf 74' lang='lat' dir='ltr'><strong>structura</strong></span> <span class='ocrx_word' id='word_1_37' title='bbox 1151 287 1241 314; x_wconf 77' lang='lat' dir='ltr'>strati</span> <span class='ocrx_word' id='word_1_38' title='bbox 1266 287 1419 314; x_wconf 80' lang='lat' dir='ltr'>corticalis</span> <span class='ocrx_word' id='word_1_39' title='bbox 1442 287 1543 323; x_wconf 82' lang='lat' dir='ltr'>potius</span> <span class='ocrx_word' id='word_1_40' title='bbox 1567 287 1604 314; x_wconf 90' lang='lat' dir='ltr'>ad</span> <span class='ocrx_word' id='word_1_41' title='bbox 1629 287 1787 314; x_wconf 79' lang='lat' dir='ltr'>sectionem</span> 
     </span>
     <span class='ocr_line' id='line_1_5' title="bbox 136 337 1788 378; baseline -0.004 -8"><span class='ocrx_word' id='word_1_42' title='bbox 136 345 268 370; x_wconf 84' lang='lat' dir='ltr'>nostram</span> <span class='ocrx_word' id='word_1_43' title='bbox 292 341 418 378; x_wconf 84' lang='lat' dir='ltr'>primam</span> <span class='ocrx_word' id='word_1_44' title='bbox 441 340 594 377; x_wconf 76' lang='lat' dir='ltr'>pertinere</span> <span class='ocrx_word' id='word_1_45' title='bbox 619 339 783 366; x_wconf 69' lang='lat' dir='ltr'>videretur.</span> <span class='ocrx_word' id='word_1_46' title='bbox 831 338 898 372; x_wconf 68' lang='lat' dir='ltr'>Qua?</span> <span class='ocrx_word' id='word_1_47' title='bbox 922 337 1020 364; x_wconf 82' lang='lat' dir='ltr'>onmia</span> <span class='ocrx_word' id='word_1_48' title='bbox 1044 337 1242 373; x_wconf 78' lang='lat' dir='ltr'>perpendenti</span> <span class='ocrx_word' id='word_1_49' title='bbox 1267 337 1339 364; x_wconf 84' lang='lat' dir='ltr'>mibi</span> <span class='ocrx_word' id='word_1_50' title='bbox 1364 337 1518 373; x_wconf 82' lang='lat' dir='ltr'>adparuit,</span> <span class='ocrx_word' id='word_1_51' title='bbox 1539 338 1651 364; x_wconf 87' lang='lat' dir='ltr'>nullam</span> <span class='ocrx_word' id='word_1_52' title='bbox 1669 337 1704 364; x_wconf 90' lang='lat' dir='ltr'>de</span> <span class='ocrx_word' id='word_1_53' title='bbox 1720 347 1788 373; x_wconf 88' lang='lat' dir='ltr'>pro-</span> 
     </span>
     <span class='ocr_line' id='line_1_6' title="bbox 136 388 1788 428; baseline -0.003 -8"><span class='ocrx_word' id='word_1_54' title='bbox 136 393 215 420; x_wconf 82' lang='lat' dir='ltr'>xima</span> <span class='ocrx_word' id='word_1_55' title='bbox 250 391 358 428; x_wconf 85' lang='lat' dir='ltr'>speciei</span> <span class='ocrx_word' id='word_1_56' title='bbox 394 390 544 418; x_wconf 84' lang='lat' dir='ltr'>affinitate</span> <span class='ocrx_word' id='word_1_57' title='bbox 578 389 746 426; x_wconf 83' lang='lat' dir='ltr'>opinionem</span> <span class='ocrx_word' id='word_1_58' title='bbox 781 389 869 416; x_wconf 87' lang='lat' dir='ltr'>hodie</span> <span class='ocrx_word' id='word_1_59' title='bbox 903 388 1112 425; x_wconf 85' lang='lat' dir='ltr'>proferendam</span> <span class='ocrx_word' id='word_1_60' title='bbox 1147 397 1208 414; x_wconf 81' lang='lat' dir='ltr'>esse</span> <span class='ocrx_word' id='word_1_61' title='bbox 1247 404 1272 407; x_wconf 88' lang='lat'><strong>—</strong></span> <span class='ocrx_word' id='word_1_62' title='bbox 1307 388 1420 423; x_wconf 78' lang='lat' dir='ltr'>ignotis</span> <span class='ocrx_word' id='word_1_63' title='bbox 1444 388 1540 415; x_wconf 85' lang='lat' dir='ltr'>adhuc</span> <span class='ocrx_word' id='word_1_64' title='bbox 1564 388 1788 424; x_wconf 69' lang='lat' dir='ltr'>sphwrosporis,</span> 
     </span>
     <span class='ocr_line' id='line_1_7' title="bbox 137 438 1024 479; baseline -0.007 -9"><span class='ocrx_word' id='word_1_65' title='bbox 137 452 201 479; x_wconf 77' lang='lat' dir='ltr'>quae</span> <span class='ocrx_word' id='word_1_66' title='bbox 227 442 353 478; x_wconf 75' lang='lat' dir='ltr'>eognitae</span> <span class='ocrx_word' id='word_1_67' title='bbox 378 441 415 468; x_wconf 90' lang='lat' dir='ltr'>ad</span> <span class='ocrx_word' id='word_1_68' title='bbox 440 440 531 468; x_wconf 82' lang='lat' dir='ltr'>dubia</span> <span class='ocrx_word' id='word_1_69' title='bbox 557 439 699 467; x_wconf 86' lang='lat' dir='ltr'>solvenda</span> <span class='ocrx_word' id='word_1_70' title='bbox 722 439 823 466; x_wconf 80' lang='lat' dir='ltr'>forsan</span> <span class='ocrx_word' id='word_1_71' title='bbox 848 438 1024 465; x_wconf 78' lang='lat' dir='ltr'>conducant.</span> 
     </span>
    </p>
   </div>
   <div class='ocr_carea' id='block_1_3' title="bbox 139 546 1786 678">
    <p class='ocr_par' dir='ltr' id='par_1_3' title="bbox 139 546 1786 678">
     <span class='ocr_line' id='line_1_8' title="bbox 139 546 1786 591; baseline -0.002 -4"><span class='ocrx_word' id='word_1_72' title='bbox 139 553 196 587; x_wconf 65' lang='lat'>28.</span> <span class='ocrx_word' id='word_1_73' title='bbox 256 551 319 586; x_wconf 83' lang='lat' dir='ltr'>CH.</span> <span class='ocrx_word' id='word_1_74' title='bbox 348 561 514 585; x_wconf 84' lang='lat' dir='ltr'><strong>NIDIFICA</strong></span> <span class='ocrx_word' id='word_1_75' title='bbox 545 550 661 584; x_wconf 73' lang='grc' dir='ltr'><em>Ηανυ.</em></span> <span class='ocrx_word' id='word_1_76' title='bbox 694 549 778 583; x_wconf 74' lang='lat' dir='ltr'>Ner.</span> <span class='ocrx_word' id='word_1_77' title='bbox 805 548 889 582; x_wconf 77' lang='lat' dir='ltr'>Bor.</span> <span class='ocrx_word' id='word_1_78' title='bbox 917 547 1071 582; x_wconf 64' lang='lat' dir='ltr'>Ameria:</span> <span class='ocrx_word' id='word_1_79' title='bbox 1105 547 1175 581; x_wconf 76' lang='lat' dir='ltr'>Vol.</span> <span class='ocrx_word' id='word_1_80' title='bbox 1202 546 1276 581; x_wconf 83' lang='lat' dir='ltr'>III.</span> <span class='ocrx_word' id='word_1_81' title='bbox 1304 548 1419 590; x_wconf 68' lang='lat' dir='ltr'>suppl.</span> <span class='ocrx_word' id='word_1_82' title='bbox 1442 560 1478 591; x_wconf 69' lang='lat' dir='ltr'>p.</span> <span class='ocrx_word' id='word_1_83' title='bbox 1506 550 1578 581; x_wconf 63' lang='lat'>125</span> <span class='ocrx_word' id='word_1_84' title='bbox 1604 549 1670 583; x_wconf 64' lang='lat' dir='ltr'>tal).</span> <span class='ocrx_word' id='word_1_85' title='bbox 1695 549 1724 583; x_wconf 86' lang='lat' dir='ltr'>I.</span> <span class='ocrx_word' id='word_1_86' title='bbox 1744 549 1786 583; x_wconf 83' lang='lat' dir='ltr'>B.</span> 
     </span>
     <span class='ocr_line' id='line_1_9' title="bbox 296 630 1004 678; baseline -0.006 -11"><span class='ocrx_word' id='word_1_87' title='bbox 296 633 386 667; x_wconf 84' lang='lat' dir='ltr'>Hab.</span> <span class='ocrx_word' id='word_1_88' title='bbox 416 632 452 666; x_wconf 87' lang='lat' dir='ltr'>in</span> <span class='ocrx_word' id='word_1_89' title='bbox 483 632 621 666; x_wconf 78' lang='lat' dir='ltr'>Oceano</span> <span class='ocrx_word' id='word_1_90' title='bbox 650 631 794 678; x_wconf 83' lang='lat' dir='ltr'>pacifico</span> <span class='ocrx_word' id='word_1_91' title='bbox 823 630 1004 677; x_wconf 80' lang='lat' dir='ltr'>superiore.</span> 
     </span>
    </p>
   </div>
   <div class='ocr_carea' id='block_1_4' title="bbox 137 710 1790 1052">
    <p class='ocr_par' dir='ltr' id='par_1_4' title="bbox 137 710 1790 1052">
     <span class='ocr_line' id='line_1_10' title="bbox 222 710 1790 749; baseline -0.003 -7"><span class='ocrx_word' id='word_1_92' title='bbox 222 714 305 749; x_wconf 78' lang='lat' dir='ltr'>Quod</span> <span class='ocrx_word' id='word_1_93' title='bbox 329 714 441 742; x_wconf 83' lang='lat' dir='ltr'>attinet</span> <span class='ocrx_word' id='word_1_94' title='bbox 465 713 540 740; x_wconf 83' lang='lat' dir='ltr'>hanc</span> <span class='ocrx_word' id='word_1_95' title='bbox 565 712 702 749; x_wconf 86' lang='lat' dir='ltr'>speciem,</span> <span class='ocrx_word' id='word_1_96' title='bbox 726 712 966 739; x_wconf 85' lang='lat' dir='ltr'>animadvertere</span> <span class='ocrx_word' id='word_1_97' title='bbox 989 711 1089 747; x_wconf 85' lang='lat' dir='ltr'>placet</span> <span class='ocrx_word' id='word_1_98' title='bbox 1112 720 1168 742; x_wconf 86' lang='lat' dir='ltr'>me,</span> <span class='ocrx_word' id='word_1_99' title='bbox 1193 710 1245 741; x_wconf 78' lang='lat' dir='ltr'>Clt.</span> <span class='ocrx_word' id='word_1_100' title='bbox 1263 710 1494 738; x_wconf 59' lang='lat' dir='ltr'>corallooffaizaw</span> <span class='ocrx_word' id='word_1_101' title='bbox 1516 711 1664 747; x_wconf 78' lang='lat' dir='ltr'>quondam</span> <span class='ocrx_word' id='word_1_102' title='bbox 1682 710 1790 738; x_wconf 82' lang='lat' dir='ltr'>descri-</span> 
     </span>
     <span class='ocr_line' id='line_1_11' title="bbox 137 760 1789 800; baseline -0.005 -6"><span class='ocrx_word' id='word_1_103' title='bbox 137 767 266 798; x_wconf 78' lang='lat' dir='ltr'>bentem,</span> <span class='ocrx_word' id='word_1_104' title='bbox 291 765 462 793; x_wconf 74' lang='lat' dir='ltr'>assumsisse</span> <span class='ocrx_word' id='word_1_105' title='bbox 487 764 612 800; x_wconf 85' lang='lat' dir='ltr'>speciem</span> <span class='ocrx_word' id='word_1_106' title='bbox 636 763 846 799; x_wconf 79' lang='lat' dir='ltr'>Harveyanam</span> <span class='ocrx_word' id='word_1_107' title='bbox 871 762 1022 789; x_wconf 79' lang='lat' dir='ltr'>affinitate</span> <span class='ocrx_word' id='word_1_108' title='bbox 1041 761 1109 789; x_wconf 76' lang='lat' dir='ltr'>hnic</span> <span class='ocrx_word' id='word_1_109' title='bbox 1135 764 1242 788; x_wconf 66' lang='lat' dir='ltr'>nostrae</span> <span class='ocrx_word' id='word_1_110' title='bbox 1260 761 1425 797; x_wconf 75' lang='lat' dir='ltr'>proximam</span> <span class='ocrx_word' id='word_1_111' title='bbox 1443 771 1513 789; x_wconf 76' lang='lat' dir='ltr'>esse.</span> <span class='ocrx_word' id='word_1_112' title='bbox 1549 761 1610 788; x_wconf 82' lang='lat' dir='ltr'>Hoc</span> <span class='ocrx_word' id='word_1_113' title='bbox 1627 771 1696 788; x_wconf 87' lang='lat' dir='ltr'>vero</span> <span class='ocrx_word' id='word_1_114' title='bbox 1712 760 1789 787; x_wconf 90' lang='lat' dir='ltr'>iconi</span> 
     </span>
     <span class='ocr_line' id='line_1_12' title="bbox 137 812 1790 853; baseline -0.004 -9"><span class='ocrx_word' id='word_1_115' title='bbox 137 820 168 844; x_wconf 91' lang='lat' dir='ltr'>et</span> <span class='ocrx_word' id='word_1_116' title='bbox 193 816 388 853; x_wconf 76' lang='lat' dir='ltr'>descriptioni</span> <span class='ocrx_word' id='word_1_117' title='bbox 413 814 584 851; x_wconf 73' lang='lat' dir='ltr'>Harveyani</span> <span class='ocrx_word' id='word_1_118' title='bbox 606 814 707 848; x_wconf 85' lang='lat' dir='ltr'>fidens,</span> <span class='ocrx_word' id='word_1_119' title='bbox 726 824 760 840; x_wconf 84' lang='lat' dir='ltr'>ex</span> <span class='ocrx_word' id='word_1_120' title='bbox 777 814 872 840; x_wconf 83' lang='lat' dir='ltr'>forma</span> <span class='ocrx_word' id='word_1_121' title='bbox 889 816 918 840; x_wconf 73' lang='lat' dir='ltr'>et</span> <span class='ocrx_word' id='word_1_122' title='bbox 935 813 996 840; x_wconf 87' lang='lat' dir='ltr'>situ</span> <span class='ocrx_word' id='word_1_123' title='bbox 1013 812 1222 839; x_wconf 86' lang='lat' dir='ltr'>stichidiorum</span> <span class='ocrx_word' id='word_1_124' title='bbox 1239 812 1433 839; x_wconf 77' lang='lat' dir='ltr'>conveniente</span> <span class='ocrx_word' id='word_1_125' title='bbox 1452 812 1596 839; x_wconf 86' lang='lat' dir='ltr'>deducere</span> <span class='ocrx_word' id='word_1_126' title='bbox 1613 821 1700 838; x_wconf 79' lang='lat' dir='ltr'>ansus</span> <span class='ocrx_word' id='word_1_127' title='bbox 1716 821 1790 839; x_wconf 87' lang='lat' dir='ltr'>sum.</span> 
     </span>
     <span class='ocr_line' id='line_1_13' title="bbox 138 861 1789 911; baseline -0.005 -16"><span class='ocrx_word' id='word_1_128' title='bbox 138 868 245 896; x_wconf 81' lang='lat' dir='ltr'>Postea</span> <span class='ocrx_word' id='word_1_129' title='bbox 268 868 479 911; x_wconf 62' lang='lat' dir='ltr'>fragmentum,</span> <span class='ocrx_word' id='word_1_130' title='bbox 503 865 576 892; x_wconf 89' lang='lat' dir='ltr'>mihi</span> <span class='ocrx_word' id='word_1_131' title='bbox 600 865 742 892; x_wconf 83' lang='lat' dir='ltr'>benevole</span> <span class='ocrx_word' id='word_1_132' title='bbox 766 864 896 896; x_wconf 83' lang='lat' dir='ltr'>missum,</span> <span class='ocrx_word' id='word_1_133' title='bbox 920 864 1032 900; x_wconf 70' lang='lat' dir='ltr'>plantae</span> <span class='ocrx_word' id='word_1_134' title='bbox 1057 863 1242 898; x_wconf 77' lang='lat' dir='ltr'>Harveyanae</span> <span class='ocrx_word' id='word_1_135' title='bbox 1267 862 1446 894; x_wconf 78' lang='lat' dir='ltr'>examinavi,</span> <span class='ocrx_word' id='word_1_136' title='bbox 1470 871 1504 888; x_wconf 85' lang='lat' dir='ltr'>ex</span> <span class='ocrx_word' id='word_1_137' title='bbox 1529 871 1585 898; x_wconf 86' lang='lat' dir='ltr'>quo</span> <span class='ocrx_word' id='word_1_138' title='bbox 1606 861 1677 888; x_wconf 91' lang='lat' dir='ltr'>mihi</span> <span class='ocrx_word' id='word_1_139' title='bbox 1695 861 1789 897; x_wconf 81' lang='lat' dir='ltr'>magis</span> 
     </span>
     <span class='ocr_line' id='line_1_14' title="bbox 139 912 1788 953; baseline -0.005 -7"><span class='ocrx_word' id='word_1_140' title='bbox 139 918 261 946; x_wconf 86' lang='lat' dir='ltr'>dubium</span> <span class='ocrx_word' id='word_1_141' title='bbox 285 916 438 953; x_wconf 79' lang='lat' dir='ltr'>adparuit,</span> <span class='ocrx_word' id='word_1_142' title='bbox 469 926 506 943; x_wconf 88' lang='lat' dir='ltr'>an</span> <span class='ocrx_word' id='word_1_143' title='bbox 529 926 633 943; x_wconf 82' lang='lat' dir='ltr'>revera</span> <span class='ocrx_word' id='word_1_144' title='bbox 658 915 761 942; x_wconf 84' lang='lat' dir='ltr'>affines</span> <span class='ocrx_word' id='word_1_145' title='bbox 785 918 882 942; x_wconf 79' lang='lat' dir='ltr'>essent</span> <span class='ocrx_word' id='word_1_146' title='bbox 908 915 1020 951; x_wconf 85' lang='lat' dir='ltr'>species</span> <span class='ocrx_word' id='word_1_147' title='bbox 1045 914 1142 942; x_wconf 77' lang='lat' dir='ltr'>dictae.</span> <span class='ocrx_word' id='word_1_148' title='bbox 1187 913 1335 941; x_wconf 82' lang='lat' dir='ltr'>Stichidia</span> <span class='ocrx_word' id='word_1_149' title='bbox 1360 913 1437 940; x_wconf 86' lang='lat' dir='ltr'>enim</span> <span class='ocrx_word' id='word_1_150' title='bbox 1462 913 1513 940; x_wconf 83' lang='lat' dir='ltr'>Ch.</span> <span class='ocrx_word' id='word_1_151' title='bbox 1539 912 1665 939; x_wconf 69' lang='lat' dir='ltr'>nidificae</span> <span class='ocrx_word' id='word_1_152' title='bbox 1690 912 1788 948; x_wconf 79' lang='lat' dir='ltr'>quoad</span> 
     </span>
     <span class='ocr_line' id='line_1_15' title="bbox 138 962 1788 1005; baseline -0.005 -9"><span class='ocrx_word' id='word_1_153' title='bbox 138 970 263 997; x_wconf 86' lang='lat' dir='ltr'>formam</span> <span class='ocrx_word' id='word_1_154' title='bbox 296 967 397 1005; x_wconf 80' lang='lat' dir='ltr'>potius</span> <span class='ocrx_word' id='word_1_155' title='bbox 432 977 495 994; x_wconf 88' lang='lat' dir='ltr'>cum</span> <span class='ocrx_word' id='word_1_156' title='bbox 530 966 566 993; x_wconf 84' lang='lat' dir='ltr'>iis</span> <span class='ocrx_word' id='word_1_157' title='bbox 592 966 642 994; x_wconf 73' lang='lat' dir='ltr'>Ch.</span> <span class='ocrx_word' id='word_1_158' title='bbox 668 967 852 993; x_wconf 66' lang='lat' dir='ltr'>lemfissimoe</span> <span class='ocrx_word' id='word_1_159' title='bbox 876 975 1039 1001; x_wconf 79' lang='lat' dir='ltr'>congruere</span> <span class='ocrx_word' id='word_1_160' title='bbox 1064 965 1278 1001; x_wconf 86' lang='lat' dir='ltr'>adparnerunt.</span> <span class='ocrx_word' id='word_1_161' title='bbox 1326 964 1445 999; x_wconf 74' lang='lat' dir='ltr'>Harvey</span> <span class='ocrx_word' id='word_1_162' title='bbox 1469 963 1611 990; x_wconf 84' lang='lat' dir='ltr'>stichidia</span> <span class='ocrx_word' id='word_1_163' title='bbox 1634 962 1734 999; x_wconf 82' lang='lat' dir='ltr'>pinxit</span> <span class='ocrx_word' id='word_1_164' title='bbox 1758 962 1788 989; x_wconf 86' lang='lat' dir='ltr'>in</span> 
     </span>
     <span class='ocr_line' id='line_1_16' title="bbox 138 1013 1790 1052; baseline -0.005 -5"><span class='ocrx_word' id='word_1_165' title='bbox 138 1019 228 1047; x_wconf 87' lang='lat' dir='ltr'>ramis</span> <span class='ocrx_word' id='word_1_166' title='bbox 263 1018 404 1046; x_wconf 83' lang='lat' dir='ltr'>lateralia</span> <span class='ocrx_word' id='word_1_167' title='bbox 439 1020 468 1044; x_wconf 85' lang='lat' dir='ltr'>et</span> <span class='ocrx_word' id='word_1_168' title='bbox 502 1016 696 1050; x_wconf 65' lang='lat' dir='ltr'>fasciculata5</span> <span class='ocrx_word' id='word_1_169' title='bbox 730 1019 761 1042; x_wconf 83' lang='lat' dir='ltr'>at</span> <span class='ocrx_word' id='word_1_170' title='bbox 795 1016 858 1052; x_wconf 86' lang='lat' dir='ltr'>ipse</span> <span class='ocrx_word' id='word_1_171' title='bbox 887 1016 989 1043; x_wconf 81' lang='lat' dir='ltr'>eadem</span> <span class='ocrx_word' id='word_1_172' title='bbox 1015 1016 1174 1043; x_wconf 77' lang='lat' dir='ltr'>observare</span> <span class='ocrx_word' id='word_1_173' title='bbox 1200 1014 1313 1042; x_wconf 88' lang='lat' dir='ltr'>credidi</span> <span class='ocrx_word' id='word_1_174' title='bbox 1338 1015 1367 1041; x_wconf 93' lang='lat' dir='ltr'>in</span> <span class='ocrx_word' id='word_1_175' title='bbox 1391 1024 1473 1041; x_wconf 87' lang='lat' dir='ltr'>ramo</span> <span class='ocrx_word' id='word_1_176' title='bbox 1497 1013 1582 1041; x_wconf 86' lang='lat' dir='ltr'>brevi</span> <span class='ocrx_word' id='word_1_177' title='bbox 1606 1013 1790 1045; x_wconf 85' lang='lat' dir='ltr'>terminalia,</span> 
     </span>
    </p>
   </div>
   <div class='ocr_carea' id='block_1_5' title="bbox 139 1064 1606 1107">
    <p class='ocr_par' dir='ltr' id='par_1_5' title="bbox 139 1064 1606 1107">
     <span class='ocr_line' id='line_1_17' title="bbox 139 1064 1606 1107; baseline -0.005 -9"><span class='ocrx_word' id='word_1_178' title='bbox 139 1070 223 1107; x_wconf 83' lang='lat' dir='ltr'>quasi</span> <span class='ocrx_word' id='word_1_179' title='bbox 249 1069 432 1105; x_wconf 77' lang='lat' dir='ltr'>corymbosa,</span> <span class='ocrx_word' id='word_1_180' title='bbox 457 1068 536 1104; x_wconf 89' lang='lat' dir='ltr'>quod</span> <span class='ocrx_word' id='word_1_181' title='bbox 560 1067 660 1094; x_wconf 82' lang='lat' dir='ltr'>forsan</span> <span class='ocrx_word' id='word_1_182' title='bbox 683 1066 783 1103; x_wconf 85' lang='lat' dir='ltr'>potius</span> <span class='ocrx_word' id='word_1_183' title='bbox 808 1067 989 1094; x_wconf 80' lang='lat' dir='ltr'>affinitatem</span> <span class='ocrx_word' id='word_1_184' title='bbox 1014 1077 1078 1094; x_wconf 91' lang='lat' dir='ltr'>cum</span> <span class='ocrx_word' id='word_1_185' title='bbox 1102 1065 1293 1093; x_wconf 80' lang='lat' dir='ltr'>Rhodonielis</span> <span class='ocrx_word' id='word_1_186' title='bbox 1317 1065 1433 1092; x_wconf 89' lang='lat' dir='ltr'>cuidam</span> <span class='ocrx_word' id='word_1_187' title='bbox 1457 1064 1606 1091; x_wconf 79' lang='lat' dir='ltr'>suaderet.</span> 
     </span>
    </p>
   </div>
   <div class='ocr_carea' id='block_1_6' title="bbox 142 1187 1789 1306">
    <p class='ocr_par' dir='ltr' id='par_1_6' title="bbox 142 1187 1789 1306">
     <span class='ocr_line' id='line_1_18' title="bbox 142 1187 1789 1235; baseline -0.004 -6"><span class='ocrx_word' id='word_1_188' title='bbox 142 1195 199 1229; x_wconf 76' lang='lat'>029.</span> <span class='ocrx_word' id='word_1_189' title='bbox 255 1194 487 1228; x_wconf 75' lang='lat' dir='ltr'>RHoDOMELA</span> <span class='ocrx_word' id='word_1_190' title='bbox 517 1202 777 1226; x_wconf 80' lang='lat' dir='ltr'>CRASSICAULIS</span> <span class='ocrx_word' id='word_1_191' title='bbox 807 1191 921 1225; x_wconf 71' lang='lat' dir='ltr'>Harr.</span> <span class='ocrx_word' id='word_1_192' title='bbox 951 1193 989 1225; x_wconf 69' lang='lat' dir='ltr'>riu</span> <span class='ocrx_word' id='word_1_193' title='bbox 1019 1190 1099 1234; x_wconf 64' lang='lat' dir='ltr'>Azy.</span> <span class='ocrx_word' id='word_1_194' title='bbox 1134 1189 1224 1235; x_wconf 71' lang='lat' dir='ltr'>Ceyl.</span> <span class='ocrx_word' id='word_1_195' title='bbox 1256 1190 1318 1224; x_wconf 75' lang='lat' dir='ltr'>snb</span> <span class='ocrx_word' id='word_1_196' title='bbox 1340 1202 1394 1224; x_wconf 66' lang='lat' dir='ltr'>mo</span> <span class='ocrx_word' id='word_1_197' title='bbox 1415 1191 1448 1224; x_wconf 72' lang='lat'>8.</span> <span class='ocrx_word' id='word_1_198' title='bbox 1508 1189 1688 1232; x_wconf 55' lang='lat' dir='ltr'>Feiyzcson</span> <span class='ocrx_word' id='word_1_199' title='bbox 1709 1187 1789 1232; x_wconf 52' lang='grc' dir='ltr'>Αἶα.</span> 
     </span>
     <span class='ocr_line' id='line_1_19' title="bbox 249 1261 509 1306; baseline -0.004 -11"><span class='ocrx_word' id='word_1_200' title='bbox 249 1261 340 1306; x_wconf 74' lang='lat' dir='ltr'>Ceyl.</span> <span class='ocrx_word' id='word_1_201' title='bbox 371 1273 427 1295; x_wconf 57' lang='grc' dir='ltr'>περ</span> <span class='ocrx_word' id='word_1_202' title='bbox 456 1262 509 1294; x_wconf 84' lang='grc'>10.</span> 
     </span>
    </p>
   </div>
   <div class='ocr_carea' id='block_1_7' title="bbox 141 1337 1793 1532">
    <p class='ocr_par' dir='ltr' id='par_1_7' title="bbox 141 1337 1793 1532">
     <span class='ocr_line' id='line_1_20' title="bbox 224 1337 1793 1379; baseline -0.004 -10"><span class='ocrx_word' id='word_1_203' title='bbox 224 1342 346 1378; x_wconf 80' lang='lat' dir='ltr'>Harvey</span> <span class='ocrx_word' id='word_1_204' title='bbox 378 1342 455 1370; x_wconf 90' lang='lat' dir='ltr'>hanc</span> <span class='ocrx_word' id='word_1_205' title='bbox 491 1342 620 1379; x_wconf 85' lang='lat' dir='ltr'>speciem</span> <span class='ocrx_word' id='word_1_206' title='bbox 655 1341 716 1369; x_wconf 87' lang='lat' dir='ltr'>sine</span> <span class='ocrx_word' id='word_1_207' title='bbox 750 1341 938 1369; x_wconf 73' lang='lat' dir='ltr'>haesitatione</span> <span class='ocrx_word' id='word_1_208' title='bbox 963 1341 1000 1368; x_wconf 88' lang='lat' dir='ltr'>ad</span> <span class='ocrx_word' id='word_1_209' title='bbox 1024 1341 1223 1369; x_wconf 86' lang='lat' dir='ltr'>Rhodomelas</span> <span class='ocrx_word' id='word_1_210' title='bbox 1246 1340 1367 1374; x_wconf 77' lang='lat' dir='ltr'>retulit3</span> <span class='ocrx_word' id='word_1_211' title='bbox 1402 1349 1454 1367; x_wconf 87' lang='lat' dir='ltr'>nec</span> <span class='ocrx_word' id='word_1_212' title='bbox 1478 1339 1503 1366; x_wconf 91' lang='lat' dir='ltr'>is</span> <span class='ocrx_word' id='word_1_213' title='bbox 1526 1349 1588 1366; x_wconf 88' lang='lat' dir='ltr'>sum</span> <span class='ocrx_word' id='word_1_214' title='bbox 1613 1337 1664 1374; x_wconf 89' lang='lat' dir='ltr'>qui</span> <span class='ocrx_word' id='word_1_215' title='bbox 1689 1340 1793 1364; x_wconf 88' lang='lat' dir='ltr'>contra</span> 
     </span>
     <span class='ocr_line' id='line_1_21' title="bbox 141 1388 1791 1430; baseline -0.004 -10"><span class='ocrx_word' id='word_1_216' title='bbox 141 1395 204 1429; x_wconf 85' lang='lat' dir='ltr'>ejus</span> <span class='ocrx_word' id='word_1_217' title='bbox 228 1393 396 1430; x_wconf 89' lang='lat' dir='ltr'>opinionem</span> <span class='ocrx_word' id='word_1_218' title='bbox 420 1396 600 1429; x_wconf 82' lang='lat' dir='ltr'>argumenta</span> <span class='ocrx_word' id='word_1_219' title='bbox 624 1403 659 1419; x_wconf 82' lang='lat' dir='ltr'>ex</span> <span class='ocrx_word' id='word_1_220' title='bbox 684 1392 780 1419; x_wconf 89' lang='lat' dir='ltr'>sterili</span> <span class='ocrx_word' id='word_1_221' title='bbox 805 1392 911 1428; x_wconf 75' lang='lat' dir='ltr'>planta</span> <span class='ocrx_word' id='word_1_222' title='bbox 935 1392 1064 1419; x_wconf 88' lang='lat' dir='ltr'>deducta</span> <span class='ocrx_word' id='word_1_223' title='bbox 1089 1392 1194 1419; x_wconf 82' lang='lat' dir='ltr'>afferre</span> <span class='ocrx_word' id='word_1_224' title='bbox 1219 1401 1351 1419; x_wconf 87' lang='lat' dir='ltr'>conarer.</span> <span class='ocrx_word' id='word_1_225' title='bbox 1396 1390 1524 1417; x_wconf 85' lang='lat' dir='ltr'>Tantum</span> <span class='ocrx_word' id='word_1_226' title='bbox 1550 1388 1791 1416; x_wconf 85' lang='lat' dir='ltr'>animadvertere</span> 
     </span>
     <span class='ocr_line' id='line_1_22' title="bbox 142 1438 1792 1481; baseline -0.004 -10"><span class='ocrx_word' id='word_1_227' title='bbox 142 1445 241 1481; x_wconf 85' lang='lat' dir='ltr'>placet</span> <span class='ocrx_word' id='word_1_228' title='bbox 266 1444 408 1481; x_wconf 85' lang='lat' dir='ltr'>quosdam</span> <span class='ocrx_word' id='word_1_229' title='bbox 433 1453 494 1471; x_wconf 82' lang='lat' dir='ltr'>esse</span> <span class='ocrx_word' id='word_1_230' title='bbox 517 1443 605 1479; x_wconf 83' lang='lat' dir='ltr'>hujus</span> <span class='ocrx_word' id='word_1_231' title='bbox 629 1443 740 1480; x_wconf 69' lang='lat' dir='ltr'>plantae</span> <span class='ocrx_word' id='word_1_232' title='bbox 765 1442 963 1475; x_wconf 80' lang='lat' dir='ltr'>characteres,</span> <span class='ocrx_word' id='word_1_233' title='bbox 988 1442 1096 1478; x_wconf 85' lang='lat' dir='ltr'>quibus</span> <span class='ocrx_word' id='word_1_234' title='bbox 1122 1452 1186 1470; x_wconf 89' lang='lat' dir='ltr'>cum</span> <span class='ocrx_word' id='word_1_235' title='bbox 1210 1441 1364 1479; x_wconf 81' lang='lat' dir='ltr'>speciebus</span> <span class='ocrx_word' id='word_1_236' title='bbox 1389 1438 1636 1476; x_wconf 88' lang='lat' dir='ltr'>Chondriopsidis</span> <span class='ocrx_word' id='word_1_237' title='bbox 1651 1440 1731 1465; x_wconf 86' lang='lat' dir='ltr'>certo</span> <span class='ocrx_word' id='word_1_238' title='bbox 1747 1447 1792 1464; x_wconf 88' lang='lat' dir='ltr'>re-</span> 
     </span>
     <span class='ocr_line' id='line_1_23' title="bbox 143 1493 708 1532; baseline 0 -10"><span class='ocrx_word' id='word_1_239' title='bbox 143 1497 247 1532; x_wconf 87' lang='lat' dir='ltr'>spectu</span> <span class='ocrx_word' id='word_1_240' title='bbox 271 1504 433 1531; x_wconf 85' lang='lat' dir='ltr'>congruere</span> <span class='ocrx_word' id='word_1_241' title='bbox 456 1494 530 1521; x_wconf 88' lang='lat' dir='ltr'>mihi</span> <span class='ocrx_word' id='word_1_242' title='bbox 554 1493 708 1531; x_wconf 85' lang='lat' dir='ltr'>adparuit.</span> 
     </span>
    </p>
   </div>
   <div class='ocr_carea' id='block_1_8' title="bbox 716 1616 1215 1660">
    <p class='ocr_par' dir='ltr' id='par_1_8' title="bbox 716 1616 1215 1660">
     <span class='ocr_line' id='line_1_24' title="bbox 716 1616 1215 1660; baseline -0.002 -9"><span class='ocrx_word' id='word_1_243' title='bbox 716 1617 762 1651; x_wconf 88' lang='lat' dir='ltr'>X.</span> <span class='ocrx_word' id='word_1_244' title='bbox 819 1616 959 1660; x_wconf 66' lang='lat' dir='ltr'>Species</span> <span class='ocrx_word' id='word_1_245' title='bbox 987 1617 1215 1651; x_wconf 64' lang='lat' dir='ltr'>escludenda.</span> 
     </span>
    </p>
   </div>
   <div class='ocr_carea' id='block_1_9' title="bbox 144 1724 1791 1842">
    <p class='ocr_par' dir='ltr' id='par_1_9' title="bbox 144 1724 1791 1842">
     <span class='ocr_line' id='line_1_25' title="bbox 144 1724 1791 1772; baseline -0.004 -7"><span class='ocrx_word' id='word_1_246' title='bbox 144 1730 208 1765; x_wconf 85' lang='lat' dir='ltr'>CH.</span> <span class='ocrx_word' id='word_1_247' title='bbox 238 1740 491 1765; x_wconf 80' lang='lat' dir='ltr'>CRASSICAULIS</span> <span class='ocrx_word' id='word_1_248' title='bbox 527 1729 643 1764; x_wconf 62' lang='lat' dir='ltr'>Harv.</span> <span class='ocrx_word' id='word_1_249' title='bbox 675 1728 756 1772; x_wconf 70' lang='lat' dir='ltr'>Algs.</span> <span class='ocrx_word' id='word_1_250' title='bbox 789 1728 875 1763; x_wconf 64' lang='lat' dir='ltr'>Nor.</span> <span class='ocrx_word' id='word_1_251' title='bbox 914 1728 1054 1771; x_wconf 67' lang='lat' dir='ltr'>Wm&#39;yht</span> <span class='ocrx_word' id='word_1_252' title='bbox 1084 1729 1121 1762; x_wconf 68' lang='lat' dir='ltr'>in</span> <span class='ocrx_word' id='word_1_253' title='bbox 1152 1727 1310 1761; x_wconf 74' lang='lat' dir='ltr'>Procced.</span> <span class='ocrx_word' id='word_1_254' title='bbox 1342 1727 1384 1769; x_wconf 83' lang='lat' dir='ltr'>of</span> <span class='ocrx_word' id='word_1_255' title='bbox 1408 1727 1462 1760; x_wconf 72' lang='lat' dir='ltr'>the</span> <span class='ocrx_word' id='word_1_256' title='bbox 1491 1725 1646 1760; x_wconf 69' lang='lat' dir='ltr'>Americ.</span> <span class='ocrx_word' id='word_1_257' title='bbox 1678 1724 1791 1759; x_wconf 79' lang='lat' dir='ltr'>Acad.</span> 
     </span>
     <span class='ocr_line' id='line_1_26' title="bbox 278 1797 593 1842; baseline -0.006 -9"><span class='ocrx_word' id='word_1_258' title='bbox 278 1798 328 1833; x_wconf 71' lang='lat' dir='ltr'>⁷0l.</span> <span class='ocrx_word' id='word_1_259' title='bbox 360 1797 424 1832; x_wconf 83' lang='lat' dir='ltr'>IV</span> <span class='ocrx_word' id='word_1_260' title='bbox 440 1810 477 1842; x_wconf 73' lang='lat' dir='ltr'>p.</span> <span class='ocrx_word' id='word_1_261' title='bbox 509 1798 593 1832; x_wconf 70' lang='lat'>329.</span> 
     </span>
    </p>
   </div>
   <div class='ocr_carea' id='block_1_10' title="bbox 302 1878 1097 1927">
    <p class='ocr_par' dir='ltr' id='par_1_10' title="bbox 302 1878 1097 1927">
     <span class='ocr_line' id='line_1_27' title="bbox 302 1878 1097 1927; baseline -0.003 -13"><span class='ocrx_word' id='word_1_262' title='bbox 302 1880 344 1914; x_wconf 89' lang='lat' dir='ltr'>In</span> <span class='ocrx_word' id='word_1_263' title='bbox 374 1880 461 1915; x_wconf 88' lang='lat' dir='ltr'>mari</span> <span class='ocrx_word' id='word_1_264' title='bbox 490 1880 658 1927; x_wconf 75' lang='lat' dir='ltr'>Japonico</span> <span class='ocrx_word' id='word_1_265' title='bbox 687 1892 707 1913; x_wconf 86' lang='lat' dir='ltr'>a</span> <span class='ocrx_word' id='word_1_266' title='bbox 736 1878 797 1913; x_wconf 82' lang='lat' dir='ltr'>Ch.</span> <span class='ocrx_word' id='word_1_267' title='bbox 828 1878 971 1924; x_wconf 78' lang='lat' dir='ltr'>Wright</span> <span class='ocrx_word' id='word_1_268' title='bbox 999 1878 1097 1913; x_wconf 86' lang='lat' dir='ltr'>lecta.</span> 
     </span>
    </p>
   </div>
   <div class='ocr_carea' id='block_1_11' title="bbox 145 1955 1795 2454">
    <p class='ocr_par' dir='ltr' id='par_1_11' title="bbox 145 1955 1795 2454">
     <span class='ocr_line' id='line_1_28' title="bbox 230 1955 1793 1998; baseline -0.004 -9"><span class='ocrx_word' id='word_1_269' title='bbox 230 1961 399 1998; x_wconf 78' lang='lat' dir='ltr'>Specimina</span> <span class='ocrx_word' id='word_1_270' title='bbox 421 1961 510 1997; x_wconf 82' lang='lat' dir='ltr'>liujus</span> <span class='ocrx_word' id='word_1_271' title='bbox 534 1961 706 1997; x_wconf 68' lang='lat' dir='ltr'>originalia,</span> <span class='ocrx_word' id='word_1_272' title='bbox 731 1960 811 1987; x_wconf 89' lang='lat' dir='ltr'>haud</span> <span class='ocrx_word' id='word_1_273' title='bbox 835 1959 946 1996; x_wconf 85' lang='lat' dir='ltr'>optime</span> <span class='ocrx_word' id='word_1_274' title='bbox 970 1961 1153 1995; x_wconf 70' lang='lat' dir='ltr'>praeparata,</span> <span class='ocrx_word' id='word_1_275' title='bbox 1170 1958 1349 1991; x_wconf 80' lang='lat' dir='ltr'>examinavi,</span> <span class='ocrx_word' id='word_1_276' title='bbox 1367 1958 1476 1994; x_wconf 82' lang='lat' dir='ltr'>quibus</span> <span class='ocrx_word' id='word_1_277' title='bbox 1493 1956 1671 1984; x_wconf 80' lang='lat' dir='ltr'>ducentibus</span> <span class='ocrx_word' id='word_1_278' title='bbox 1687 1955 1793 1992; x_wconf 88' lang='lat' dir='ltr'>planta</span> 
     </span>
     <span class='ocr_line' id='line_1_29' title="bbox 145 2007 1793 2049; baseline -0.005 -9"><span class='ocrx_word' id='word_1_279' title='bbox 145 2013 219 2040; x_wconf 82' lang='lat' dir='ltr'>mihi</span> <span class='ocrx_word' id='word_1_280' title='bbox 242 2029 282 2033; x_wconf 91' lang='lat'>—-</span> <span class='ocrx_word' id='word_1_281' title='bbox 306 2012 404 2049; x_wconf 86' lang='lat' dir='ltr'>quoad</span> <span class='ocrx_word' id='word_1_282' title='bbox 439 2012 604 2039; x_wconf 83' lang='lat' dir='ltr'>affinitates</span> <span class='ocrx_word' id='word_1_283' title='bbox 639 2015 685 2039; x_wconf 87' lang='lat' dir='ltr'>sat</span> <span class='ocrx_word' id='word_1_284' title='bbox 721 2011 813 2038; x_wconf 88' lang='lat' dir='ltr'>dubia</span> <span class='ocrx_word' id='word_1_285' title='bbox 848 2010 1000 2047; x_wconf 83' lang='lat' dir='ltr'>adparuit.</span> <span class='ocrx_word' id='word_1_286' title='bbox 1046 2009 1178 2046; x_wconf 83' lang='lat' dir='ltr'>Speciem</span> <span class='ocrx_word' id='word_1_287' title='bbox 1208 2019 1269 2036; x_wconf 83' lang='lat' dir='ltr'>esse</span> <span class='ocrx_word' id='word_1_288' title='bbox 1294 2008 1551 2044; x_wconf 84' lang='lat' dir='ltr'>Chondriopsidis,</span> <span class='ocrx_word' id='word_1_289' title='bbox 1574 2007 1622 2034; x_wconf 83' lang='lat' dir='ltr'>vix</span> <span class='ocrx_word' id='word_1_290' title='bbox 1646 2009 1793 2043; x_wconf 90' lang='lat' dir='ltr'>putarem.</span> 
     </span>
     <span class='ocr_line' id='line_1_30' title="bbox 146 2056 1794 2098; baseline -0.004 -8"><span class='ocrx_word' id='word_1_291' title='bbox 146 2063 296 2090; x_wconf 83' lang='lat' dir='ltr'>Suadente</span> <span class='ocrx_word' id='word_1_292' title='bbox 319 2062 427 2089; x_wconf 84' lang='lat' dir='ltr'>habitu</span> <span class='ocrx_word' id='word_1_293' title='bbox 450 2065 479 2089; x_wconf 89' lang='lat' dir='ltr'>et</span> <span class='ocrx_word' id='word_1_294' title='bbox 504 2065 669 2094; x_wconf 85' lang='lat' dir='ltr'>structura,</span> <span class='ocrx_word' id='word_1_295' title='bbox 693 2061 718 2088; x_wconf 88' lang='lat' dir='ltr'>si</span> <span class='ocrx_word' id='word_1_296' title='bbox 741 2061 818 2088; x_wconf 82' lang='lat' dir='ltr'>hanc</span> <span class='ocrx_word' id='word_1_297' title='bbox 842 2061 901 2088; x_wconf 89' lang='lat' dir='ltr'>rite</span> <span class='ocrx_word' id='word_1_298' title='bbox 924 2061 1119 2098; x_wconf 71' lang='lat' dir='ltr'>perceperim,</span> <span class='ocrx_word' id='word_1_299' title='bbox 1142 2060 1243 2096; x_wconf 86' lang='lat' dir='ltr'>potius</span> <span class='ocrx_word' id='word_1_300' title='bbox 1268 2059 1405 2096; x_wconf 86' lang='lat' dir='ltr'>equidem</span> <span class='ocrx_word' id='word_1_301' title='bbox 1431 2057 1650 2095; x_wconf 77' lang='lat' dir='ltr'>Chrysymeniae</span> <span class='ocrx_word' id='word_1_302' title='bbox 1668 2056 1794 2093; x_wconf 85' lang='lat' dir='ltr'>speciem</span> 
     </span>
     <span class='ocr_line' id='line_1_31' title="bbox 147 2108 1795 2149; baseline -0.004 -9"><span class='ocrx_word' id='word_1_303' title='bbox 147 2113 332 2149; x_wconf 79' lang='lat' dir='ltr'>conjicerem.</span> <span class='ocrx_word' id='word_1_304' title='bbox 379 2112 515 2140; x_wconf 84' lang='lat' dir='ltr'>Sectione</span> <span class='ocrx_word' id='word_1_305' title='bbox 538 2112 736 2140; x_wconf 83' lang='lat' dir='ltr'>transversali</span> <span class='ocrx_word' id='word_1_306' title='bbox 760 2112 894 2139; x_wconf 82' lang='lat' dir='ltr'>frondem</span> <span class='ocrx_word' id='word_1_307' title='bbox 917 2111 1087 2139; x_wconf 83' lang='lat' dir='ltr'>tubulosam</span> <span class='ocrx_word' id='word_1_308' title='bbox 1112 2111 1213 2138; x_wconf 86' lang='lat' dir='ltr'>videre</span> <span class='ocrx_word' id='word_1_309' title='bbox 1238 2109 1363 2142; x_wconf 81' lang='lat' dir='ltr'>credidi,</span> <span class='ocrx_word' id='word_1_310' title='bbox 1386 2110 1459 2137; x_wconf 90' lang='lat' dir='ltr'>tubo</span> <span class='ocrx_word' id='word_1_311' title='bbox 1476 2109 1619 2136; x_wconf 88' lang='lat' dir='ltr'>interiore</span> <span class='ocrx_word' id='word_1_312' title='bbox 1636 2108 1694 2135; x_wconf 88' lang='lat' dir='ltr'>filis</span> <span class='ocrx_word' id='word_1_313' title='bbox 1711 2110 1795 2134; x_wconf 84' lang='lat' dir='ltr'>tenu-</span> 
     </span>
     <span class='ocr_line' id='line_1_32' title="bbox 145 2159 1795 2200; baseline -0.004 -9"><span class='ocrx_word' id='word_1_314' title='bbox 145 2164 212 2191; x_wconf 85' lang='lat' dir='ltr'>ibus</span> <span class='ocrx_word' id='word_1_315' title='bbox 246 2163 538 2191; x_wconf 85' lang='lat' dir='ltr'>anastomosantibus</span> <span class='ocrx_word' id='word_1_316' title='bbox 571 2173 726 2200; x_wconf 76' lang='lat' dir='ltr'>percurso3</span> <span class='ocrx_word' id='word_1_317' title='bbox 764 2162 832 2189; x_wconf 89' lang='lat' dir='ltr'>aliis</span> <span class='ocrx_word' id='word_1_318' title='bbox 866 2162 947 2189; x_wconf 84' lang='lat' dir='ltr'>intra</span> <span class='ocrx_word' id='word_1_319' title='bbox 972 2165 1100 2189; x_wconf 86' lang='lat' dir='ltr'>stratum</span> <span class='ocrx_word' id='word_1_320' title='bbox 1125 2161 1297 2188; x_wconf 84' lang='lat' dir='ltr'>cellulosum</span> <span class='ocrx_word' id='word_1_321' title='bbox 1320 2160 1511 2188; x_wconf 71' lang='lat' dir='ltr'>introductis</span> <span class='ocrx_word' id='word_1_322' title='bbox 1557 2159 1691 2186; x_wconf 81' lang='lat' dir='ltr'>Stratum</span> <span class='ocrx_word' id='word_1_323' title='bbox 1715 2160 1795 2185; x_wconf 84' lang='lat' dir='ltr'>exte—</span> 
     </span>
     <span class='ocr_line' id='line_1_33' title="bbox 145 2208 1794 2251; baseline -0.004 -9"><span class='ocrx_word' id='word_1_324' title='bbox 145 2215 208 2242; x_wconf 84' lang='lat' dir='ltr'>rius</span> <span class='ocrx_word' id='word_1_325' title='bbox 236 2214 374 2251; x_wconf 86' lang='lat' dir='ltr'>pluribus</span> <span class='ocrx_word' id='word_1_326' title='bbox 398 2214 531 2241; x_wconf 86' lang='lat' dir='ltr'>seriebus</span> <span class='ocrx_word' id='word_1_327' title='bbox 555 2214 731 2241; x_wconf 76' lang='lat' dir='ltr'>cellularum</span> <span class='ocrx_word' id='word_1_328' title='bbox 755 2213 952 2249; x_wconf 83' lang='lat' dir='ltr'>superpositis</span> <span class='ocrx_word' id='word_1_329' title='bbox 977 2215 1156 2240; x_wconf 83' lang='lat' dir='ltr'>contextum.</span> <span class='ocrx_word' id='word_1_330' title='bbox 1203 2212 1338 2240; x_wconf 83' lang='lat' dir='ltr'>Stratum</span> <span class='ocrx_word' id='word_1_331' title='bbox 1360 2221 1430 2239; x_wconf 80' lang='lat' dir='ltr'>vero</span> <span class='ocrx_word' id='word_1_332' title='bbox 1454 2211 1571 2238; x_wconf 88' lang='lat' dir='ltr'>filorum</span> <span class='ocrx_word' id='word_1_333' title='bbox 1594 2208 1794 2241; x_wconf 79' lang='lat' dir='ltr'>verticalium,</span> 
     </span>
     <span class='ocr_line' id='line_1_34' title="bbox 147 2259 1795 2302; baseline -0.004 -10"><span class='ocrx_word' id='word_1_334' title='bbox 147 2265 227 2301; x_wconf 90' lang='lat' dir='ltr'>qnod</span> <span class='ocrx_word' id='word_1_335' title='bbox 249 2265 280 2292; x_wconf 87' lang='lat' dir='ltr'>in</span> <span class='ocrx_word' id='word_1_336' title='bbox 304 2264 517 2301; x_wconf 79' lang='lat' dir='ltr'>Chrysymenia</span> <span class='ocrx_word' id='word_1_337' title='bbox 542 2264 755 2302; x_wconf 85' lang='lat' dir='ltr'>conspiciatur,</span> <span class='ocrx_word' id='word_1_338' title='bbox 778 2274 835 2291; x_wconf 78' lang='lat' dir='ltr'>non</span> <span class='ocrx_word' id='word_1_339' title='bbox 859 2264 938 2298; x_wconf 64' lang='lat' dir='ltr'>vidi,</span> <span class='ocrx_word' id='word_1_340' title='bbox 962 2267 1048 2291; x_wconf 85' lang='lat' dir='ltr'>extra</span> <span class='ocrx_word' id='word_1_341' title='bbox 1072 2266 1201 2290; x_wconf 84' lang='lat' dir='ltr'>stratum</span> <span class='ocrx_word' id='word_1_342' title='bbox 1225 2262 1303 2299; x_wconf 86' lang='lat' dir='ltr'>quod</span> <span class='ocrx_word' id='word_1_343' title='bbox 1329 2262 1444 2290; x_wconf 87' lang='lat' dir='ltr'>cellulis</span> <span class='ocrx_word' id='word_1_344' title='bbox 1468 2260 1663 2298; x_wconf 85' lang='lat' dir='ltr'>superpositis</span> <span class='ocrx_word' id='word_1_345' title='bbox 1688 2259 1795 2287; x_wconf 86' lang='lat' dir='ltr'>consti—</span> 
     </span>
     <span class='ocr_line' id='line_1_35' title="bbox 147 2311 1794 2351; baseline -0.004 -8"><span class='ocrx_word' id='word_1_346' title='bbox 147 2319 245 2343; x_wconf 87' lang='lat' dir='ltr'>tutum</span> <span class='ocrx_word' id='word_1_347' title='bbox 281 2315 354 2349; x_wconf 82' lang='lat' dir='ltr'>dixi,</span> <span class='ocrx_word' id='word_1_348' title='bbox 382 2319 471 2343; x_wconf 86' lang='lat' dir='ltr'>tenue</span> <span class='ocrx_word' id='word_1_349' title='bbox 494 2316 595 2343; x_wconf 81' lang='lat' dir='ltr'>forsan</span> <span class='ocrx_word' id='word_1_350' title='bbox 619 2318 747 2343; x_wconf 85' lang='lat' dir='ltr'>stratum</span> <span class='ocrx_word' id='word_1_351' title='bbox 772 2315 866 2350; x_wconf 86' lang='lat' dir='ltr'>adest,</span> <span class='ocrx_word' id='word_1_352' title='bbox 892 2315 1009 2342; x_wconf 88' lang='lat' dir='ltr'>cellulis</span> <span class='ocrx_word' id='word_1_353' title='bbox 1031 2313 1283 2351; x_wconf 84' lang='lat' dir='ltr'>punctiformibus</span> <span class='ocrx_word' id='word_1_354' title='bbox 1307 2313 1400 2340; x_wconf 87' lang='lat' dir='ltr'>multo</span> <span class='ocrx_word' id='word_1_355' title='bbox 1424 2311 1588 2339; x_wconf 85' lang='lat' dir='ltr'>minoribns</span> <span class='ocrx_word' id='word_1_356' title='bbox 1613 2312 1794 2341; x_wconf 78' lang='lat' dir='ltr'>contextum,</span> 
     </span>
     <span class='ocr_line' id='line_1_36' title="bbox 148 2352 1794 2403; baseline -0.005 -8"><span class='ocrx_word' id='word_1_357' title='bbox 148 2377 212 2403; x_wconf 81' lang='lat' dir='ltr'>quae</span> <span class='ocrx_word' id='word_1_358' title='bbox 237 2377 294 2403; x_wconf 87' lang='lat' dir='ltr'>quo</span> <span class='ocrx_word' id='word_1_359' title='bbox 318 2366 403 2394; x_wconf 84' lang='lat' dir='ltr'>modo</span> <span class='ocrx_word' id='word_1_360' title='bbox 428 2365 580 2403; x_wconf 76' lang='lat' dir='ltr'>dispositae</span> <span class='ocrx_word' id='word_1_361' title='bbox 604 2369 701 2393; x_wconf 86' lang='lat' dir='ltr'>essent</span> <span class='ocrx_word' id='word_1_362' title='bbox 725 2365 798 2393; x_wconf 89' lang='lat' dir='ltr'>mihi</span> <span class='ocrx_word' id='word_1_363' title='bbox 821 2365 902 2392; x_wconf 86' lang='lat' dir='ltr'>haud</span> <span class='ocrx_word' id='word_1_364' title='bbox 925 2352 1115 2401; x_wconf 69' lang='lat' dir='ltr'>perspicuum</span> <span class='ocrx_word' id='word_1_365' title='bbox 1138 2363 1206 2391; x_wconf 82' lang='lat' dir='ltr'>fuit.</span> <span class='ocrx_word' id='word_1_366' title='bbox 1252 2364 1298 2390; x_wconf 90' lang='lat' dir='ltr'>An</span> <span class='ocrx_word' id='word_1_367' title='bbox 1317 2363 1367 2390; x_wconf 82' lang='lat' dir='ltr'>fila</span> <span class='ocrx_word' id='word_1_368' title='bbox 1384 2362 1530 2389; x_wconf 87' lang='lat' dir='ltr'>interiora</span> <span class='ocrx_word' id='word_1_369' title='bbox 1548 2361 1585 2388; x_wconf 84' lang='lat' dir='ltr'>ad</span> <span class='ocrx_word' id='word_1_370' title='bbox 1601 2360 1655 2387; x_wconf 81' lang='lat' dir='ltr'>has</span> <span class='ocrx_word' id='word_1_371' title='bbox 1672 2359 1794 2387; x_wconf 85' lang='lat' dir='ltr'>cellulas</span> 
     </span>
     <span class='ocr_line' id='line_1_37' title="bbox 151 2416 967 2454; baseline -0.001 -10"><span class='ocrx_word' id='word_1_372' title='bbox 151 2417 365 2454; x_wconf 84' lang='lat' dir='ltr'>punctiformes</span> <span class='ocrx_word' id='word_1_373' title='bbox 389 2420 592 2449; x_wconf 80' lang='lat' dir='ltr'>excurrerent,</span> <span class='ocrx_word' id='word_1_374' title='bbox 616 2417 714 2444; x_wconf 89' lang='lat' dir='ltr'>dicere</span> <span class='ocrx_word' id='word_1_375' title='bbox 738 2426 795 2443; x_wconf 91' lang='lat' dir='ltr'>non</span> <span class='ocrx_word' id='word_1_376' title='bbox 819 2416 967 2443; x_wconf 88' lang='lat' dir='ltr'>auderem.</span> 
     </span>
    </p>
   </div>
   <div class='ocr_carea' id='block_1_12' title="bbox 245 2480 1691 2515">
    <p class='ocr_par' dir='ltr' id='par_1_12' title="bbox 245 2480 1691 2515">
     <span class='ocr_line' id='line_1_38' title="bbox 245 2480 1691 2515; baseline -0.004 -2"><span class='ocrx_word' id='word_1_377' title='bbox 245 2489 341 2514; x_wconf 80' lang='lat' dir='ltr'>Lunds</span> <span class='ocrx_word' id='word_1_378' title='bbox 360 2489 445 2515; x_wconf 78' lang='lat' dir='ltr'>Univ.</span> <span class='ocrx_word' id='word_1_379' title='bbox 464 2480 617 2514; x_wconf 48' lang='lat' dir='ltr'>farsskrift.</span> <span class='ocrx_word' id='word_1_380' title='bbox 654 2490 731 2514; x_wconf 83' lang='lat' dir='ltr'>Toni.</span> <span class='ocrx_word' id='word_1_381' title='bbox 750 2489 889 2515; x_wconf 82' lang='lat' dir='ltr'>XXVIII.</span> <span class='ocrx_word' id='word_1_382' title='bbox 1660 2481 1691 2505; x_wconf 69' lang='lat'>‘21</span> 
     </span>
    </p>
   </div>
  </div>
 </body>
</html>
