2035 2844
756 117 895 141 Analecta
915 118 1093 149 Algologiea.
1719 102 1764 136 43

113 203 272 237 fasciculi
313 203 449 237 filorum
492 207 635 247 exeunt,
679 203 799 248 quales
841 204 874 238 in
916 204 1021 240 Fucis
1063 205 1182 240 adesse
1224 207 1369 238 constat.
1429 203 1532 239 Soros
1574 208 1607 239 et
1647 216 1766 251 sporas

112 278 249 313 sparsas
292 267 327 301 in
364 267 510 301 diversis
553 266 745 301 individuis
773 268 950 311 obvenire,
981 268 1152 315 expressis
1181 269 1296 303 verbis
1324 280 1461 314 quoque
1489 269 1627 303 dieitur.
1682 269 1766 310 Quae

111 331 252 377 quidem
294 331 411 365 omnia
446 332 605 365 nituntur
633 331 935 365 observationibus
963 331 1026 365 sub
1056 331 1160 376 longa
1188 331 1276 365 serie
1305 343 1476 365 annorum
1505 343 1525 365 a
1554 331 1642 365 D2na
1672 330 1767 365 Gris-

113 394 191 429 111115
220 395 336 440 factis,
367 399 400 429 et
428 395 469 429 de
496 395 623 440 quibus
652 395 724 441 ipsa
756 395 791 428 in
820 394 969 428 scedulis
997 394 1227 440 speciminum
1257 408 1393 441 quoque
1422 395 1633 430 mentionem
1664 395 1738 429 fuit.

210 459 308 501 Quod
351 459 476 494 attinet
518 459 721 506 adspectum
750 462 782 493 et
810 458 1073 505 dispositionem
1115 470 1326 504 organorum
1356 459 1584 503 diversorum,
1614 459 1673 493 vix
1703 459 1765 493 ali-

111 522 194 568 quid
237 526 357 557 contra
384 534 435 567 ea,
479 534 554 568 (11110
588 523 636 557 ita
670 522 787 557 docuit
816 520 983 563 Greville,
1019 521 1369 557 animadvertendum
1398 522 1597 557 habuerunt
1624 524 1764 570 posteri.

111 588 226 628 Quum
255 598 336 621 vero
365 586 405 621 de
434 591 598 621 contentu
627 591 659 622 et
688 586 927 621 functionibus
955 597 1167 631 organorum
1195 587 1284 621 alias
1313 587 1493 633 opiniones
1522 588 1667 634 professi
1687 593 1766 623 sunt

111 650 283 693 nonnulli,
313 663 427 697 pauca
456 651 601 686 ulterius
631 651 672 686 de
701 651 848 685 diversis
877 651 1017 696 organis
1046 650 1111 685 hoc
1138 650 1212 685 loco
1241 651 1369 686 addere
1397 652 1521 698 placet.

209 715 258 750 Ut
299 715 335 749 in
376 715 535 762 pluribus
576 715 656 751 aliis
698 716 961 762 Dictyotearum
1006 714 1203 750 Generibus
1245 715 1378 750 cellulae
1412 716 1542 751 fertiles
1575 720 1685 751 certas
1714 729 1765 751 10-

108 780 229 825 giones
271 780 404 815 frondis
437 784 620 827 occupant,
656 780 705 815 ita
739 780 843 815 etiam
878 781 914 814 in
942 780 1109 826 Halyseri
1139 779 1282 814 cellulas
1311 780 1441 815 fertiles
1471 781 1506 814 in
1534 781 1674 826 regione
1704 781 1763 815 illa

110 844 317 879 intermedia
357 857 463 891 supra
505 845 677 892 descripta
717 844 842 890 saepius
876 844 1059 890 provenire
1093 843 1179 877 mihi
1209 843 1382 889 adparuit.
1440 843 1481 877 In
1510 843 1575 878 hae
1604 857 1684 878 vero
1714 857 1764 879 re-

108 908 221 954 gione,
251 912 284 943 et
312 908 409 943 nulla
438 909 531 943 fae-ta
561 909 651 944 inter
681 912 865 954 utramque
893 908 1060 955 paginam
1090 907 1299 952 differentia,
1329 912 1364 942 at
1393 908 1429 942 in
1457 908 1537 942 aliis
1566 908 1764 943 Individuis

108 985 241 1018 organa
283 973 412 1008 diversi
452 973 589 1019 generis
631 973 793 1019 generari
834 972 953 1007 onmia
994 972 1121 1006 addere
1150 971 1350 1013 voluissem,
1380 972 1448 1006 nisi
1478 972 1513 1005 in
1542 973 1662 1018 paucis
1690 973 1765 1018 qui-

110 1038 255 1072 busdam
297 1038 497 1074 Individuis
538 1051 671 1085 organa
713 1039 878 1073 vidissem
920 1039 991 1072 fere
1032 1049 1138 1084 supra
1180 1037 1293 1083 ipsam
1338 1040 1469 1071 eostam
1510 1037 1764 1083 provenientia,

110 1102 239 1136 lineam
269 1107 454 1149 angustam
484 1104 702 1139 fructiferam
732 1104 781 1137 ita
810 1103 1010 1137 formantia.
1066 1102 1209 1148 Organa
1238 1101 1369 1136 ibidem
1398 1101 1639 1148 provenientia
1670 1114 1765 1147 inag-

109 1167 268 1202 nitudine
296 1172 329 1202 et
358 1168 523 1214 adspectu
564 1180 683 1215 sporas
718 1168 753 1202 in
782 1180 876 1202 soros
905 1167 1068 1202 collectas
1096 1166 1316 1213 potissimum
1345 1165 1504 1200 aemulari
1533 1165 1700 1211 dicerem,
1730 1172 1765 1201 at

109 1231 144 1264 in
186 1232 312 1267 nostris
354 1232 502 1267 nimium
548 1232 712 1279 collapsa,
760 1244 865 1278 quam
912 1236 948 1266 ut
993 1231 1120 1266 certius
1161 1230 1244 1277 quid
1287 1230 1328 1265 de
1369 1242 1487 1265 eorum
1530 1234 1657 1265 natura
1697 1235 1765 1265 sta-

108 1299 203 1330 tuere
245 1296 421 1331 auderem.
483 1296 525 1330 In
566 1296 765 1331 Individuis
807 1296 881 1331 11100
922 1307 1055 1342 organa
1095 1295 1347 1341 generantibus
1389 1294 1487 1329 nulla
1529 1295 1601 1329 alia
1643 1295 1678 1329 in
1716 1295 1765 1329 la-

108 1360 205 1394 mina
246 1360 378 1396 frondis
420 1361 664 1408 provenientia
706 1361 795 1407 vidi,
840 1361 912 1408 ipsa
947 1360 1141 1407 specimina
1169 1359 1328 1406 plantam
1358 1359 1535 1406 juniorem
1570 1360 1764 1395 indicantia

108 1423 193 1458 mihi
235 1424 484 1471 adparuerunt.
540 1425 710 1460 Dubitavi
753 1437 843 1460 anne
877 1425 913 1459 in
947 1424 1000 1459 his
1030 1423 1230 1459 antheridia
1259 1436 1279 1459 a
1308 1424 1462 1459 Iohnson
1491 1425 1677 1459 observata
1705 1437 1764 1471 ag-

107 1500 295 1523 noscerem.

207 1551 250 1585 In
290 1552 541 1599 speciminibus
581 1552 760 1587 nonnullis
801 1552 956 1587 soriferis
998 1556 1122 1599 praeter
1162 1565 1257 1588 soros
1299 1553 1463 1599 utrinque
1499 1566 1597 1589 secus
1632 1559 1761 1590 eostam

106 1616 300 1663 dispositos,
343 1617 478 1652 ambitu
519 1617 632 1664 magis
673 1617 957 1663 longitudinales,
1001 1617 1191 1663 aliquando
1225 1618 1391 1653 obvenire
1424 1618 1525 1664 quasi
1554 1619 1761 1654 exteriorem

106 1681 240 1725 seriem,
282 1682 368 1716 soris
409 1682 603 1717 minoribus
644 1686 677 1716 et
718 1683 830 1728 magis
870 1681 1067 1716 rotundatis
1101 1686 1329 1727 constantem,
1365 1695 1469 1728 quam
1499 1695 1519 1717 11
1548 1683 1762 1718 [1111161111-

107 1745 185 1780 liths
221 1746 296 1792 jain
339 1747 558 1781 observatam
601 1747 707 1782 fuisse
748 1751 921 1782 testantur
962 1746 1111 1781 scedula*
1147 1747 1379 1794 speciminum
1409 1748 1452 1782 ab
1482 1747 1543 1782 illa
1573 1748 1758 1795 inscripta.

106 1810 194 1844 Mihi
230 1810 291 1845 has
324 1811 544 1846 examinanti
578 1811 741 1858 adparuit
773 1824 867 1846 soros
897 1812 1078 1857 utriusque
1106 1811 1207 1846 seriei
1237 1817 1395 1847 constare
1424 1813 1565 1858 organis
1594 1814 1760 1859 adspectu

107 1876 165 1911 vix
195 1876 347 1910 invicem
376 1876 537 1922 diversis,
567 1880 600 1911 et
628 1880 792 1922 utrosque
822 1876 857 1910 in
887 1880 1034 1922 utraque
1063 1877 1194 1923 pagina
1222 1876 1383 1922 generari
1404 1878 1443 1922 ¹).

194 2046 217 2083 ¹)
242 2047 322 2075 Satis
358 2047 438 2075 inter
473 2049 637 2084 Algologos
673 2050 789 2075 constat
826 2047 988 2084 specimina
1022 2048 1058 2075 H.
1094 2047 1322 2084 Polypodioidis
1350 2047 1495 2084 adspectu
1519 2056 1594 2083 sirpe
1619 2046 1759 2074 obvenire

105 2098 262 2126 admodum
297 2098 465 2126 dissimilia.
512 2099 673 2135 Seginenta
708 2110 765 2126 non
799 2102 917 2126 tantum
945 2099 1109 2126 latitudine
1138 2098 1267 2131 diversa„
1292 2097 1337 2125 ita
1361 2101 1393 2125 ut
1414 2097 1537 2133 juniora.
1560 2098 1641 2125 2—3
1666 2097 1759 2125 lineas

104 2150 167 2177 lata
202 2153 231 2177 et
266 2150 472 2186 integerrima,
509 2150 577 2178 dum
612 2150 641 2178 in
676 2151 783 2187 planta
812 2149 962 2177 adultior-e
992 2152 1022 2177 et
1050 2149 1138 2177 senili
1165 2150 1247 2176 4-i3
1272 2149 1366 2176 lineas
1390 2149 1454 2176 lata
1477 2148 1650 2183 obveniant,
1675 2151 1705 2175 01
1729 2148 1759 2175 111

105 2200 240 2236 lacinias,
265 2211 281 2228 a
305 2201 439 2237 margine
475 2204 584 2229 costam
621 2212 722 2229 versus
757 2201 878 2237 oblique
912 2201 1085 2237 productas,
1121 2210 1197 2236 saepe
1230 2199 1377 2236 plurimas
1411 2199 1488 2226 fissa.
1546 2199 1575 2226 si
1611 2209 1758 2226 assumere

105 2251 209 2279 liceret
245 2252 385 2279 laminam
421 2252 527 2280 sensim
557 2263 574 2279 a
598 2252 703 2280 costali
739 2253 860 2288 regione
893 2262 1061 2280 excrescere
1096 2252 1245 2286 latiorem,
1281 2255 1310 2278 et
1346 2251 1554 2278 diversitatem
1586 2250 1758 2277 latitudinis

104 2303 141 2330 al)
166 2306 255 2330 {etate
288 2303 428 2339 pendere,
463 2307 491 2331 et
526 2307 623 2331 ortum
658 2303 836 2331 laciniarum
874 2303 938 2340 ipsa
964 2305 1087 2338 cogente
1118 2302 1282 2330 directione
1308 2302 1481 2329 cellularum
1507 2301 1691 2328 radiantium
1716 2301 1757 2327 sa-

105 2354 191 2381 cilius
226 2354 371 2390 explicari
404 2354 569 2382 videretur.
616 2354 730 2382 Forsan
766 2354 915 2391 quispiam
947 2354 1081 2381 crederet
1111 2353 1257 2381 consimili
1283 2353 1408 2390 quodam
1434 2352 1519 2379 modo
1544 2351 1690 2388 explicari
1715 2352 1757 2378 di-

105 2405 264 2432 versitates
299 2405 329 2432 in
364 2405 425 2433 situ
459 2415 651 2441 organorum,
678 2405 786 2441 quibus
817 2405 874 2432 sori
902 2405 1136 2432 constituuntur.
1184 2404 1282 2431 Prima
1308 2403 1445 2431 nimirum
1471 2403 1558 2430 initia
1584 2402 1642 2429 sori
1667 2413 1754 2439 supra

106 2459 215 2483 eostam
251 2456 401 2491 inclioari3
430 2466 509 2483 soros
538 2466 607 2483 vero
636 2455 704 2482 dein
728 2455 758 2483 in
782 2456 916 2493 proxima
940 2455 1052 2483 vicinia
1077 2458 1164 2482 costae
1188 2455 1246 2482 rite
1270 2455 1408 2482 evolutos
1432 2453 1512 2487 lieri,
1538 2453 1663 2480 ulterius
1688 2452 1756 2480 dein
