2035 2844
786 124 926 150 Analecta
945 124 1114 157 Analogica.
1374 114 1386 125 ⁸
1745 111 1764 145 6
1771 110 1790 146 5

144 208 173 242 1.
228 208 268 243 D.
299 207 570 243 VITTARIOIDES
611 208 664 251 (J.
707 209 773 253 Agl.
818 215 921 254 nasei)
964 211 1086 246 fronde
1127 222 1231 259 supra
1268 210 1422 257 stipitem
1451 214 1638 245 cuneatum
1667 215 1700 246 et
1727 215 1794 245 sto-

240 270 378 305 lonibus
420 269 642 304 filiformibus
683 270 901 306 radicantem
943 273 1131 319 prrclonga7
1166 279 1326 320 angusta,
1358 275 1711 317 lineari-lanceolata,
1742 280 1794 310 ut-

240 334 364 379 rinque
406 333 476 368 fere
516 334 699 380 {equaliter
733 337 924 378 attenuata,
959 335 1080 380 paucis
1109 335 1402 370 bifurcationibus
1430 336 1622 380 subdivisa,
1653 336 1792 371 demum

240 410 260 432 a
288 402 360 432 tota
392 398 574 445 superficie
602 398 775 445 vivipara,
809 398 997 443 segmentis
1026 399 1263 433 erectiusculis
1293 400 1413 434 obtuse
1442 401 1664 446 acuminatis
1697 401 1794 435 adul-

239 462 385 496 tioribus
414 462 722 508 longitudinaliter
751 462 855 497 dense
883 461 1026 508 striatis7
1057 463 1192 498 cellulis
1222 464 1446 500 corticalibus
1475 466 1791 511 rectangularibus7

241 526 403 561 omnibus
431 526 683 572 subsimilibus7
714 538 775 561 suo
804 526 975 561 diametro
1006 526 1222 574 2plo—3plo
1251 528 1478 574 longioribus.

294 604 388 639 Hab.
419 605 462 639 ad
491 617 569 639 oras
598 604 768 639 australes
796 605 908 640 Novae
936 605 1138 640 Hollandiae
1167 607 1217 652 (J.
1248 607 1304 641 ΒΓ.
1336 608 1506 653 Wilson!)

224 683 343 720 Species
372 683 438 721 ipsa
468 694 520 712 sua
544 684 640 711 forma
663 683 784 712 facilius
808 681 962 715 distincta
1009 681 1144 709 Frondes
1168 682 1231 710 vidi
1255 683 1377 720 pedales
1402 687 1431 711 et
1455 685 1547 718 ultra⁷
1572 686 1625 713 sub
1650 688 1716 713 tota
1741 696 1793 713 sua

137 749 331 785 longitudine
362 752 409 776 ter
443 752 589 786 quaterve
623 752 743 777 tantum
775 747 889 783 divisae,
924 747 1006 774 3—4
1041 747 1135 775 lineas
1170 748 1249 784 latai,
1285 749 1364 776 infra
1398 749 1616 777 bifurcationes
1640 751 1794 788 paulisper

137 800 287 828 cuneatim
311 800 460 836 dilatatae,
490 810 583 837 usque
608 799 804 828 latitudinem
828 798 1008 827 ss-linearum
1034 798 1233 836 attingentes,
1258 802 1395 827 caeteruin
1420 800 1480 826 fere
1507 800 1650 835 linearem
1675 802 1793 838 singula

136 854 291 887 segmenta
315 851 506 888 longitudine
531 862 607 879 nunc
632 850 820 888 6-pollicari„
844 849 1020 877 terminalia
1045 849 1199 877 adultiora
1223 851 1406 887 acuminata,
1428 851 1549 886 juniora
1573 852 1656 879 velut
1680 854 1794 890 prolifi-

136 902 268 930 cationes
303 902 439 930 acumine
473 903 627 931 obtusiore
661 901 819 939 praeditat
841 900 942 928 infima
977 900 1095 936 longius
1131 901 1267 928 deorsum
1303 904 1464 929 attenuata
1499 901 1529 929 in
1564 903 1698 939 stipitem
1733 904 1792 932 evi-

136 954 264 990 dentem,
289 964 305 980 a
329 963 386 990 quo
421 953 536 981 inferne
571 956 680 981 exeunt
714 953 853 990 stolones⁷
880 955 931 980 aut
956 952 980 980 si
1008 952 1103 980 mavis
1130 953 1288 987 radiculae,
1313 953 1417 990 quales
1442 953 1472 980 in
1497 964 1549 981 sua
1573 955 1608 982 D.
1633 955 1791 984 radicante

139 1003 276 1040 depinxit
311 1003 442 1040 Harvey.
488 1004 626 1032 Sectione
659 1003 857 1031 trausversali
891 1003 972 1030 facta
1007 1006 1191 1031 structuram
1226 1003 1289 1031 vidi
1324 1004 1483 1040 Dictyotze.
1535 1005 1559 1032 A
1594 1005 1669 1033 facie
1697 1009 1792 1034 totam

138 1054 318 1082 adultiorein
341 1054 477 1091 plantam
501 1055 564 1082 vidi
589 1053 854 1090 longitudinaliter
878 1054 966 1081 dense
991 1054 1142 1088 striatam,
1168 1055 1284 1083 cellulis
1309 1055 1504 1083 corticalibus
1528 1057 1793 1093 rectangularibus

138 1116 190 1133 suo
225 1106 372 1133 diametro
408 1104 595 1143 2plo—3plo
630 1105 827 1141 longioribus,
862 1115 1005 1133 venarum
1034 1108 1063 1133 et
1088 1105 1324 1134 interveniorum
1348 1106 1398 1134 vix
1423 1106 1558 1134 diversis.
1606 1107 1639 1134 In
1663 1108 1792 1135 adultio-

138 1157 222 1184 ribus
246 1167 261 1184 a
285 1160 351 1184 tota
386 1156 541 1193 superficie
574 1157 727 1194 pullulant
751 1156 987 1193 prolificationes
1011 1156 1107 1184 densae
1135 1174 1169 1177 —
1196 1157 1282 1185 modo
1306 1158 1341 1185 D.
1366 1157 1556 1194 nigricantis,
1581 1161 1611 1185 at
1636 1159 1666 1185 in
1690 1162 1793 1186 nostra

138 1208 231 1235 multo
265 1209 402 1243 maj0res.
454 1208 489 1235 In
523 1208 667 1244 ejusmodi
703 1207 977 1245 prolificationibus
1013 1208 1152 1235 cellulam
1186 1208 1376 1236 terminalem
1411 1208 1559 1245 Dictyotae
1594 1219 1638 1236 me
1672 1209 1793 1245 vidisse,

136 1260 238 1287 forsan
261 1258 371 1286 addere
394 1261 545 1296 opportet.

139 1365 171 1400 2.
226 1365 267 1400 D.
301 1374 499 1401 LATIFOLIA
539 1366 577 1400 J.
612 1366 677 1409 Ass.
714 1377 814 1400 mser.
857 1365 979 1401 fronde
1007 1377 1113 1413 supra
1140 1365 1295 1412 stipitem
1324 1370 1511 1401 cuneatum
1540 1371 1573 1403 et
1601 1369 1792 1406 stolonibus

238 1430 459 1465 filiformibus
500 1431 719 1465 radicantem
760 1431 895 1465 ambitu
936 1431 1122 1465 sub-ovata
1163 1434 1223 1464 aut
1263 1430 1332 1465 late
1374 1435 1532 1477 cuneata,
1580 1435 1700 1480 paucis
1742 1436 1791 1470 bi-

235 1494 489 1530 furcationibus
530 1495 722 1538 subdivisa,
765 1495 903 1530 demum
935 1507 954 1529 a
982 1498 1055 1529 tota
1087 1494 1270 1541 superficie
1300 1495 1471 1542 vivipara,
1501 1501 1689 1543 segmentis
1719 1512 1791 1535 am-

237 1560 313 1595 bitu
354 1560 560 1595 lanceolatis
602 1560 964 1605 acuminato-obtusis,
1007 1572 1112 1606 supra
1153 1559 1250 1594 sinus
1291 1571 1413 1605 parum
1442 1565 1599 1607 patentes
1629 1565 1791 1600 erectius-

238 1625 335 1671 culis,
379 1625 612 1659 adultioribus
654 1624 769 1659 adhuc
809 1628 862 1659 sat
910 1625 1095 1671 conspicue
1136 1624 1346 1669 fenestratis,
1390 1624 1524 1660 cellulis
1566 1628 1790 1664 corticalibus

239 1688 543 1734 rectangularibus
572 1688 742 1734 elongatis
769 1688 872 1723 strias
900 1688 1138 1723 subflexuosas
1167 1688 1410 1723 formantibus.

287 1766 381 1801 Hab.
424 1766 467 1800 ad
509 1777 586 1800 oras
628 1765 740 1800 'Novae
773 1766 975 1801 Hollandiee
1008 1766 1172 1801 australis
1202 1766 1405 1813 (Wilson!)3
1436 1781 1479 1803 ex
1507 1769 1693 1807 Israeliten
1721 1775 1789 1821 bay

286 1831 362 1866 mis.
392 1831 431 1865 F.
461 1831 502 1866 de
530 1830 693 1866 Mueller!

220 1909 315 1937 Frons
348 1910 438 1946 hujus
472 1909 593 1938 brevior
629 1912 660 1937 at
695 1908 788 1937 latior
822 1919 911 1945 quam
946 1907 1161 1943 antecedentis,
1197 1908 1248 1935 vix
1271 1908 1388 1945 pedalis
1411 1909 1601 1945 longitudine
1626 1916 1788 1950 segmentis

136 1970 205 1988 vero
240 1970 316 1997 saepe
351 1960 491 1997 pollicem
521 1960 601 1995 latis,
624 1960 704 1987 infra
728 1959 959 1987 bifurcationem
983 1969 1061 1986 nunc
1084 1959 1130 1986 bis
1152 1959 1291 1996 pollicem
1316 1960 1516 1996 aequantibus,
1541 1965 1638 1999 quoad
1662 1966 1786 1995 formam

135 2011 230 2047 magis
264 2011 442 2038 lanceolatis
476 2012 579 2049 (quam
603 2010 793 2048 linearibus).
840 2010 987 2038 Caeterum
1023 2010 1107 2038 modo
1133 2010 1284 2038 crescendi
1309 2020 1373 2038 cum
1402 2013 1598 2041 antecedente
1627 2019 1786 2047 convenire

133 2061 268 2095 videtur3
303 2061 342 2089 its
375 2061 456 2089 frons
491 2061 615 2089 inferior
651 2064 811 2088 attenuata
839 2061 869 2088 in
893 2060 1028 2098 stipitem
1075 2064 1235 2097 angustum
1260 2064 1428 2095 cuneatum,
1453 2073 1469 2089 a
1494 2074 1551 2099 quo
1575 2067 1704 2096 stolones
1730 2070 1785 2097 tili-

132 2112 240 2139 formes
273 2112 409 2140 deorsum
443 2115 588 2149 porrectae
622 2112 813 2140 emittuntur.
860 2111 893 2139 In
927 2112 1032 2139 fronde
1067 2112 1187 2140 circiter
1221 2112 1333 2149 pedali,
1361 2112 1412 2139 vix
1443 2113 1525 2141 ultra
1549 2116 1631 2145 3-4
1655 2119 1785 2149 bifurca-

132 2162 229 2190 tiones
263 2163 386 2199 adsuntj
425 2166 578 2199 segmenta
613 2163 804 2200 longitudine
837 2163 1090 2200 pluripollicaria,
1130 2163 1246 2191 ambitu
1280 2163 1518 2200 sublaneeolata‚
1553 2176 1643 2203 supra
1677 2171 1785 2200 axilla„-

132 2224 238 2251 parum
270 2217 410 2251 patentes
445 2214 657 2250 erectiuscula3
692 2214 866 2242 terminalia
900 2224 977 2242 nunc
1001 2214 1129 2250 longius,
1159 2224 1236 2241 nunc
1261 2213 1421 2250 abruptius
1445 2214 1475 2241 in
1500 2216 1613 2253 apicem
1637 2221 1784 2250 obtusius-

134 2265 232 2292 culum
266 2268 434 2293 attenuata.
481 2265 650 2302 Specimina
685 2275 802 2302 quoque
838 2265 990 2293 adultiora
1025 2268 1209 2293 structuram
1243 2265 1439 2292 fenestratam
1476 2266 1572 2295 adhuc
1596 2273 1641 2297 sat
1667 2274 1782 2310 conspi-

134 2326 217 2343 cuam
251 2319 434 2349 monstrant3
469 2319 599 2344 stratum
634 2316 776 2344 corticale
805 2316 892 2344 offert
921 2316 1096 2353 adspectum
1119 2316 1215 2352 magis
1240 2315 1451 2351 irregulariter
1476 2318 1615 2346 striatum
1641 2331 1728 2357 quain
1754 2324 1783 2351 in

134 2367 342 2395 antecedente:
380 2368 510 2395 Cellulas
534 2367 649 2395 fertiles
673 2367 809 2403 singulas
837 2371 1023 2404 emergentes
1045 2378 1098 2405 per
1122 2371 1217 2395 totam
1242 2366 1428 2404 superficiem
1453 2362 1682 2407 densesparsas
1706 2374 1782 2409 vidi3

134 2428 211 2446 nunc
238 2421 337 2446 autem
365 2418 419 2446 has
447 2428 511 2446 cum
540 2418 718 2455 propagulis
746 2418 894 2456 plurimis,
918 2419 1025 2456 saepius
1049 2429 1065 2446 a
1089 2419 1200 2456 pagina
1225 2418 1309 2456 quasi
1333 2415 1482 2453 vivipara⁷
1508 2430 1584 2448 nunc
1608 2433 1624 2450 a
1648 2426 1782 2461 margine

134 2468 393 2506 provenientibus,
415 2469 535 2498 mixtas

236 2526 332 2551 Lunds
351 2527 436 2551 Univ.
457 2518 569 2551 r-lrsskr.
590 2527 667 2554 Tom.
687 2527 795 2552 XXIX.
1667 2535 1682 2558 9
