2035 2844
787 116 926 140 Analecta
946 116 1123 147 Algologissa.
1752 98 1770 132 6
1779 98 1797 131 7

147 206 319 243 angulatas,
352 205 402 233 vix
435 215 486 233 suo
519 204 666 232 diametro
699 202 961 239 sesquilongiores.
1006 203 1040 229 In
1073 202 1156 230 venis
1180 201 1294 230 cellulae
1321 200 1479 229 corticales
1502 199 1653 228 tenuiores
1677 202 1706 227 et
1729 199 1799 227 hinc

147 257 307 292 longiores,
341 267 418 284 nunc
454 266 505 284 suo
541 256 687 283 diametro
722 264 813 290 usque
849 254 919 290 3plo
954 253 1113 289 longiores.
1160 252 1329 290 Specimina
1363 262 1398 279 ex
1433 252 1513 288 Cape
1544 251 1684 287 Flattery
1708 251 1798 279 Novae

146 307 314 335 Hollandiae
348 307 471 344 tropicae
506 308 615 343 gerunt
650 306 804 341 segmenta
838 305 898 331 fere
933 304 980 332 bis
1015 304 1124 332 lineam
1152 304 1228 337 lata3
1263 303 1360 330 media
1393 303 1493 330 forsan
1521 302 1674 339 paulisper
1704 301 1799 338 magis

146 359 267 386 evoluta
301 361 332 386 at
366 357 416 385 vix
452 357 586 392 diversaj
621 358 774 392 segmenta
796 355 943 391 juvenilia
973 365 1054 391 seque
1079 354 1248 391 apiculatag
1274 353 1427 381 adultiora
1451 363 1527 380 nuuc
1552 353 1668 381 obtusa.
1715 352 1798 380 Inter

146 409 309 446 specimina
345 418 379 435 ex
415 408 546 444 Ceylona
579 408 634 436 sub
670 417 716 436 1110
744 406 782 434 '23
808 406 992 434 collectionis
1016 405 1248 441 Fergusonianae
1273 405 1449 436 distributa,
1473 404 1573 431 forsan
1598 404 1661 431 duze
1686 403 1798 440 species

145 459 253 492 mixtae,
280 469 406 496 quarum
429 469 517 487 unam
542 458 579 485 ad
603 458 643 485 D*
669 458 946 493 Bariayrvsitmmm
971 456 1158 483 referendam
1182 458 1330 493 putarem.

230 510 273 537 Ob
309 510 444 547 apiculos
478 511 698 545 segmentorum
736 507 915 544 juvenilium
950 508 985 535 D.
1021 507 1287 543 Bartayresiauam
1327 507 1364 534 ad
1400 507 1434 535 D.
1469 506 1624 534 dentatam
1658 506 1797 543 adproxi-

146 562 282 589 mandam
317 571 377 589 esse
415 561 485 589 olim
521 560 689 597 suspicatus
724 570 801 593 sum3
840 559 927 586 hodie
963 561 1117 586 structura
1155 558 1269 585 frondis
1304 557 1375 585 mihi
1415 557 1520 584 melius
1555 557 1686 593 cognita,
1723 557 1797 584 alias

145 613 276 648 ejusdem
310 622 371 640 esse
405 611 570 640 affinitates
595 610 728 646 assumsi,
757 610 900 638 suadente
928 609 1077 647 praecipue
1106 610 1145 638 D,
1173 609 1342 645 apiculam,
1368 618 1432 645 quze
1456 608 1618 636 transitum
1642 611 1731 645 parat
1758 608 1795 636 ad

144 664 178 692 D.
205 663 415 692 dichotomam.

145 774 176 808 5.
233 773 273 808 D.
302 782 512 809 APICULATA
544 774 580 807 J.
617 773 682 817 Agl.
714 784 816 807 mser.
846 771 978 807 frondis
1007 770 1467 818 decomposito-dichotomae
1494 770 1682 816 segmentis
1712 770 1797 805 line—

245 838 374 884 aribus,
418 837 642 872 inferioribus
684 836 874 870 admodum
915 835 995 870 latis
1036 834 1199 870 lateralia
1240 835 1425 882 conspicue
1457 835 1661 880 angustiora
1695 835 1796 869 susti-

244 903 418 948 nentibus7
466 902 624 949 apicibus
666 901 876 948 patentibus,
915 899 1133 946 juvenilibus
1175 900 1372 947 apiculatis7
1416 899 1648 933 adultioribus
1690 899 1796 945 pluri-

245 967 310 1002 mis
343 967 471 1002 sensim
504 966 645 1011 obtusis,
676 965 811 1001 cellulis
840 964 1014 999 fertilibus
1041 976 1147 1011 supra
1175 968 1283 999 totam
1315 975 1434 999 aream
1462 963 1662 998 interiorem
1690 964 1794 998 dense

243 1031 388 1078 sparsis-

241 1111 287 1144 D.
316 1111 503 1144 (Ziclzotoma
533 1109 644 1144 erv.
674 1108 755 1152 Aly.
784 1113 889 1143 (czcstt’.
919 1119 987 1142 ears.
1017 1119 1071 1141 vso
1100 1109 1145 1142 70
1174 1106 1346 1154 (partim).

291 1201 385 1236 Hab.
416 1201 460 1235 ad
488 1213 565 1235 oras
595 1200 764 1235 australes
794 1199 905 1234 Novae
934 1198 1146 1233 Hollandiae.

226 1295 294 1322 Haee
327 1294 473 1331 plurimas
507 1293 618 1331 species
646 1293 704 1320 rite
729 1292 914 1320 dichotomas
938 1291 1146 1327 magnitudine
1171 1301 1325 1328 superans,
1350 1291 1396 1319 his
1421 1302 1491 1319 vero
1515 1291 1655 1328 plurimis
1679 1302 1796 1329 quoque

140 1346 268 1374 tenuior.
314 1345 482 1382 Specimina
517 1344 609 1372 habui
644 1343 765 1381 pedalia
793 1346 822 1371 et
847 1343 938 1375 ultra,
963 1342 1156 1370 inferioribus
1181 1343 1342 1379 segmentis
1367 1353 1459 1380 usque
1484 1345 1501 1370 b*
1526 1342 1621 1370 lineas
1645 1343 1726 1376 latis,
1751 1354 1797 1371 su-

140 1397 309 1434 perioribus
344 1396 450 1424 sensim
485 1395 721 1432 angustioribus,
751 1394 896 1431 supremis
921 1393 1041 1421 circiter
1066 1393 1230 1422 latitudine
1254 1395 1287 1422 D.
1314 1394 1513 1421 diclmtomam
1538 1394 1716 1431 mqantibus.
1762 1395 1796 1421 ln

140 1447 351 1485 speciminibus
386 1447 492 1475 eximie
529 1445 784 1474 characteristicis
819 1448 971 1481 segmenta
1006 1444 1178 1473 terminalia
1213 1446 1274 1473 fere.
1309 1446 1407 1473 omnia
1442 1446 1472 1472 in
1501 1445 1634 1482 apiculos
1663 1445 1795 1481 geminos

140 1502 279 1536 patentes
303 1500 474 1530 excurrunt,
510 1508 574 1534 quae
602 1497 657 1524 hoc
681 1496 766 1524 modo
791 1496 972 1524 affinitatem
998 1506 1061 1524 cum
1086 1496 1122 1524 D.
1147 1497 1382 1533 Bartayresiana
1406 1497 1572 1534 proximam
1596 1497 1730 1524 iudicare
1753 1497 1796 1524 vi-

140 1550 264 1585 ‹lentur3
298 1549 328 1577 in
363 1549 432 1577 aliis
466 1549 578 1585 apiculi
607 1548 726 1585 quidem
751 1547 860 1575 adsunt
885 1550 915 1574 at
940 1546 1035 1583 magis
1060 1550 1149 1574 aetate
1172 1547 1308 1584 provecti
1333 1551 1362 1575 et
1387 1558 1464 1575 nunc
1489 1547 1651 1583 longiore&
1676 1547 1706 1574 in
1730 1548 1795 1584 plu-

139 1601 222 1629 rimis
257 1601 384 1637 denique
419 1602 572 1636 segmenta
607 1598 751 1627 nonnulla
785 1597 906 1635 (media)
941 1597 1077 1634 apicibus
1106 1598 1221 1626 obtusis
1255 1599 1415 1632 instructa,
1449 1599 1552 1635 paucis
1587 1598 1694 1636 (magis
1722 1599 1795 1626 late-

140 1652 264 1689 ralibus)
300 1651 488 1679 acuminatis.
535 1650 569 1677 In
603 1649 773 1687 specimine,
808 1649 887 1685 quod
916 1659 932 1675 a
956 1648 1077 1685 Harvey
1111 1649 1141 1676 in
1176 1649 1245 1686 Algs.
1281 1650 1386 1678 Austr.
1417 1650 1534 1677 nomine
1558 1650 1592 1677 D.
1617 1649 1793 1677 dichotomae

140 1703 336 1731 distributum
374 1702 477 1735 habui,
513 1701 612 1738 apices
647 1701 770 1738 plurimi
805 1700 905 1727 obtusi
946 1700 1100 1735 videntur,
1134 1700 1323 1737 paucissimis
1358 1701 1545 1728 acuminatis.
1604 1700 1794 1728 Evolutionis

140 1754 325 1782 differentias
360 1764 395 1781 ex
428 1753 474 1781 his
509 1752 740 1780 diversitatibus
774 1751 902 1779 iudicari
937 1751 1053 1788 putavi.
1100 1751 1250 1779 Frondem
1285 1752 1450 1780 tenuiorem
1486 1763 1574 1789 quam
1602 1752 1633 1779 111
1656 1752 1794 1789 plurimis

140 1805 207 1833 aliis
241 1805 305 1832 vidi
333 1808 362 1832 et
391 1804 497 1832 eximie
525 1804 731 1838 fenestratam,
756 1803 811 1830 hoc
842 1813 959 1840 quoque
984 1803 1158 1830 charactere
1182 1803 1220 1830 ad
1243 1803 1278 1831 D.
1302 1803 1568 1840 Bartayresianam
1593 1803 1792 1832 accedentem.

140 1856 377 1883 Interveniorum
412 1855 536 1883 cellulas
571 1854 721 1890 longiores
756 1864 843 1890 quam
874 1854 904 1881 in
928 1854 962 1882 D.
988 1854 1222 1890 Bartayresiana
1248 1855 1320 1887 vidi⁷
1345 1865 1396 1882 suo
1420 1855 1567 1882 diametro
1593 1855 1713 1882 circiter
1737 1865 1793 1882 ses-

139 1907 356 1944 quilongiores·⁷
390 1907 543 1935 breviores
577 1916 647 1934 vero
682 1916 770 1942 quam
806 1905 835 1932 in
870 1905 904 1933 D.
941 1905 1121 1938 dichotoma,
1151 1915 1224 1942 quas
1253 1916 1304 1933 suo
1334 1905 1480 1933 diametro
1506 1906 1618 1943 pluries
1643 1906 1793 1942 longiores

138 1958 307 1986 observavi.
353 1957 535 1985 Trabeculas
569 1960 632 1984 tum
668 1956 915 1992 longitudinales⁷
950 1958 1013 1982 tuin
1037 1956 1255 1983 transversales
1279 1966 1422 1984 venarum
1447 1956 1532 1993 quasi
1557 1956 1673 1983 cellulis
1696 1956 1793 1984 tenui-

138 2010 240 2038 oribus
269 2009 415 2037 contortis
445 2008 624 2046 compositas
648 2008 786 2036 dicerem.
834 2007 965 2035 Cellulas
988 2007 1161 2034 fructiferas
1184 2017 1237 2044 per
1261 2010 1357 2035 totam
1382 2017 1479 2035 aream
1506 2007 1679 2035 interiorem
1704 2007 1792 2035 dense

139 2071 258 2099 sparsas
282 2060 354 2089 vidi.

139 2154 177 2170 ³³⁸⁴
205 2154 325 2189 Species
348 2153 587 2189 subreyalmc'ter
611 2153 791 2188 dichotomce,
815 2153 972 2187 sessmentis
995 2152 1207 2180 terminalibus
1232 2154 1404 2189 (latioribus
1428 2156 1481 2182 aut
1499 2154 1652 2189 mzyustis)
1669 2154 1791 2181 obtusis.

139 2247 171 2281 6.
228 2246 268 2280 D.
298 2254 511 2280 DicHoTOMA
539 2246 575 2279 J.
607 2245 672 2288 Af!-
703 2246 806 2280 Βίαν.
838 2246 914 2288 Αζιχ.
943 2246 1036 2290 Syst.
1068 2246 1114 2280 ΙΙ
1131 2258 1169 2290 p.
1199 2249 1259 2281 92.

222 2365 343 2393 Deliae
377 2365 473 2402 specie
507 2365 544 2393 ad
580 2375 614 2392 ea
648 2365 755 2398 refero,
791 2376 854 2402 quie
880 2366 898 2393 1.
928 2376 951 2394 c.
987 2366 1060 2394 dixi.
1106 2366 1201 2394 Hodie
1226 2369 1344 2394 tantum
1369 2365 1478 2393 addere
1503 2365 1615 2402 placet:
1642 2365 1789 2392 Frondem

140 2418 215 2451 (cuin
251 2416 318 2444 aliis
353 2416 507 2453 speciebus
543 2419 759 2453 comparatam)
783 2427 844 2444 esse
869 2416 1025 2444 admodum
1051 2420 1170 2444 tenuem
1194 2420 1223 2444 et
1248 2417 1502 2444 membranaccam
1527 2418 1558 2442 at
1582 2415 1689 2443 eximie
1712 2416 1790 2443 fene-

139 2470 275 2495 stratam.
322 2467 408 2495 Vena>
432 2470 461 2494 et
486 2467 722 2503 longitudinales
757 2471 786 2494 et
821 2468 1038 2495 transversales
1067 2468 1151 2504 quasi
1189 2467 1304 2495 cellulis
1340 2466 1527 2495 tenuioribus
1551 2470 1577 2493 et
1605 2467 1702 2503 quoad
1726 2466 1789 2494 dia-
