2035 2844
779 116 920 140 Analecta
938 115 1117 148 Algologica.
1703 101 1743 135 17
1752 104 1770 136 5

121 219 164 242 ex
193 206 303 241 forma
332 208 475 240 externa
504 202 759 251 phyllodiorum
789 202 858 236 fere
888 206 1022 236 tantum
1039 202 1203 248 judicavi.
1246 202 1369 237 Postea
1390 203 1634 249 speciminibus
1655 203 1772 237 fructi-

122 273 201 308 feris
243 271 459 319 comparatis,
502 269 647 317 speciem
691 269 890 315 dignoscere
925 269 1054 315 putavi,
1084 269 1173 303 inter
1202 274 1305 304 antea
1334 270 1490 315 cognitas
1519 270 1772 315 intermediam,

122 352 224 387 quam
254 337 477 385 sequentibus
507 336 697 371 describere
726 335 883 369 conabor.

123 451 282 486 POLYPH.
312 445 580 484 INTERMEDIUM'
603 448 658 491 (QJ.
688 448 752 491 Ag).
782 450 906 491 mser.)
950 447 1081 482 frondis
1124 446 1430 493 prolific-ati‹:›nibus
1475 459 1617 483 ramosa}
1647 447 1775 495 phyllis

230 530 273 552 ex
315 516 407 552 ovali
440 520 499 551 aut
532 515 655 550 lineari
686 513 961 557 sublanceola'tis,
990 513 1059 547 fere
1089 513 1331 558 integerrimis,
1361 514 1524 548 ramentis
1554 514 1775 561 subpeltatim

229 585 401 632 expansis,
443 588 634 619 extrorsum
679 581 909 617 ramosissime
953 580 1175 625 muriculatis,
1219 580 1364 627 apiculis
1407 580 1635 626 cylindraceis
1665 581 1776 615 diver—

232 651 402 697 gentibus,
446 650 618 686 fasciculis
661 649 900 684 stichidiorum
934 661 954 682 a
983 648 1112 695 pagina
1141 648 1405 694 emergentibus,
1435 661 1526 682 nun<¹
1556 652 1656 683 costae
1685 661 1778 683 nunc

231 719 380 765 margini
408 718 520 764 magis
549 717 807 765 adproximatis,
837 716 1127 763 submnieulatin]
1158 715 1408 750 ramosissimis.

284 801 374 836 Hab.
404 801 447 836 ad
476 813 551 836 oras
580 799 808 835 occidentales
838 799 947 834 Novas
977 799 1175 834 Hollandiae
1204 804 1265 846 (sp.
1297 799 1369 833 mis.
1400 798 1436 832 F.
1467 798 1507 832 de
1538 798 1706 839 Mueller).

212 882 321 911 Planta
345 882 458 910 sterilis
482 882 685 918 angustiorem
710 882 833 909 formam
860 881 892 914 P,
911 881 1058 917 prolifere'
1073 881 1176 913 refert.
1194 884 1236 913 at,
1254 884 1286 908 ut
1305 880 1458 917 adparuit,
1471 879 1666 915 ii‘itegerrima
1684 882 1711 906 et
1730 879 1780 906 vix

128 934 284 971 conspicue
318 937 414 967 torta3
449 937 585 961 ramenta
621 944 737 970 quoque
772 933 821 960 vix
847 932 1049 968 dignoscenda
1074 932 1110 959 ab
1134 931 1171 959 iis
1195 932 1228 959 P.
1252 931 1390 968 proliferi
1415 949 1444 951 .-
1468 931 1504 958 ab
1528 930 1565 957 iis
1590 931 1621 959 P.
1647 930 1780 958 Smitliiae

128 984 224 1020 igitur
248 987 294 1012 sat
319 984 448 1012 diversa.
494 984 619 1012 Fertilis
643 984 749 1021 planta
773 984 833 1011 situ
858 987 886 1011 et
910 983 1127 1010 ramificatioue
1152 982 1360 1010 stichidiorum
1386 982 1590 1018 dignoscatur.

212 1036 289 1064 Dum
313 1036 451 1064 nimirum
477 1036 619 1064 stichidia
644 1035 681 1062 ad
705 1035 804 1072 apices
828 1034 1062 1072 phyllodiorum⁷
1087 1033 1171 1070 quasi
1196 1044 1212 1060 a
1236 1033 1377 1060 dentibus
1401 1033 1620 1068 marginalibus
1638 1032 1782 1069 supremis

129 1087 354 1115 transformatis
389 1087 500 1115 seriata
535 1087 699 1115 obveniunt
735 1086 765 1113 in
800 1086 832 1113 P.
852 1085 1016 1123 2)r1)l{fe)·0;
1050 1084 1081 1111 in
1112 1085 1141 1112 P,
1168 1083 1302 1112 sz‘tleire
1325 1094 1395 1111 vero
1420 1083 1577 1111 fasciculos
1600 1083 1783 1119 marginales

129 1138 274 1171 efficiunt,
298 1148 380 1166 secus
403 1141 499 1166 totum
523 1139 584 1165 fere
608 1137 795 1175 phyllodium
821 1136 996 1173 dispositos:
1022 1138 1101 1168 sunt,
1127 1138 1241 1167 contra,
1265 1135 1294 1162 in
1319 1135 1350 1162 P.
1377 1135 1551 1162 intermedio
1575 1134 1783 1161 stichidiorum

130 1190 266 1217 fasciculi
302 1200 318 1217 a
352 1189 464 1217 lamina
498 1189 563 1217 folii
600 1191 795 1224 emergentes,
820 1197 896 1214 nunc
921 1189 1009 1214 costa³
1034 1185 1248 1222 adproximati,
1273 1195 1350 1212 nunc
1374 1185 1514 1221 margini.
1561 1185 1643 1221 Ipsos
1667 1194 1784 1221 quoque

131 1241 289 1269 fasciculos
317 1241 408 1268 aliter
431 1241 461 1268 in
486 1241 612 1269 diversis
636 1240 790 1277 speciebus
815 1238 992 1275 compositos
1016 1237 1176 1265 observare
1200 1236 1317 1273 putavi,
1364 1236 1397 1262 In
1422 1236 1453 1263 P.
1474 1236 1625 1271 probjfero
1649 1235 1710 1263 vidi
1735 1245 1785 1274 pe-

131 1293 271 1320 dicellum
306 1293 494 1320 fructiferum
531 1303 547 1319 a
581 1292 690 1319 latiore
724 1291 789 1319 basi
814 1293 1014 1323 attenuatum,
1039 1299 1164 1326 superne
1190 1289 1298 1316 leviter
1322 1288 1487 1324 incurvum,
1513 1288 1597 1325 quasi
1621 1288 1784 1316 introrsum

132 1344 274 1372 stichidia
298 1344 423 1372 incurva
446 1343 476 1371 in
499 1343 673 1371 fasciculum
698 1343 824 1370 collecta
848 1345 1010 1378 gerentem.
1057 1341 1090 1368 ln
1115 1341 1146 1368 P.
1173 1340 1308 1368 Smillzz'oe
1332 1340 1467 1367 fasciculi
1485 1339 1631 1376 pedicello
1648 1340 1784 1367 tenuiore

133 1394 258 1428 suffulti,
283 1394 368 1431 quasi
393 1394 561 1422 evidentius
584 1393 773 1431 pedicellati,
797 1404 831 1421 ex
856 1393 940 1430 apice
965 1392 1108 1420 stichidia
1131 1392 1355 1419 subumbellata
1378 1394 1408 1418 et
1432 1391 1564 1428 undique
1588 1391 1712 1418 incurva
1735 1401 1784 1427 ge-

133 1449 282 1474 nerantes.
328 1446 361 1473 In
397 1447 427 1474 P.
463 1446 636 1474 intermedio
670 1445 835 1482 pedicellus
866 1455 883 1471 a
906 1443 1019 1481 pagina
1043 1443 1172 1470 eminens
1196 1443 1229 1470 fit
1254 1442 1349 1478 magis
1375 1442 1550 1479 conspicuus
1575 1445 1604 1469 et
1628 1442 1786 1477 elongatus

134 1500 225 1534 atque
260 1496 452 1524 circumcirca
476 1497 591 1525 obsitus
616 1496 768 1524 stichidiis
792 1495 877 1532 quasi
901 1493 1095 1531 paniculatis,
1120 1493 1193 1530 ipsis
1218 1503 1308 1530 supra
1332 1493 1466 1529 stipitem
1491 1493 1610 1520 brevem
1635 1492 1787 1529 siliquosis

134 1551 163 1576 et
199 1548 341 1576 incurvis.
387 1548 564 1576 Interiorem
598 1550 781 1576 structuram
817 1545 1024 1573 stichidiorum
1059 1545 1089 1572 in
1118 1544 1255 1572 omnibus
1279 1544 1401 1571 eandem
1426 1543 1528 1571 videre
1553 1543 1683 1577 credidi·y
1718 1546 1787 1571 sunt

134 1599 269 1632 incurva,
304 1599 479 1632 articulata,
514 1609 531 1626 a
564 1599 640 1626 facie
675 1598 824 1635 duplicem
859 1597 965 1624 seriem
989 1595 1252 1632 longitudinalem,
1276 1596 1551 1632 sphzerosporarum
1575 1595 1787 1627 monstrantia,

136 1650 248 1678 dorsali
273 1651 368 1678 latere
393 1650 512 1678 densius
537 1650 694 1683 corticata,
719 1648 851 1677 ventrali
876 1648 980 1675 fertili.
1380 1643 1382 1645 ¹

220 1701 404 1729 paucissima
437 1701 526 1737 hujus
560 1701 711 1737 hucusque
747 1700 808 1727 vidi
833 1699 996 1736 specimina
1020 1699 1188 1726 fructifera.
1234 1698 1310 1725 Hinc
1334 1698 1489 1725 difficilius
1514 1697 1626 1724 dicitur
1651 1707 1689 1723 an
1713 1699 1789 1723 notze

137 1763 171 1780 ex
200 1753 306 1780 habitu
330 1753 465 1780 deductae
488 1762 594 1780 revera
618 1752 766 1780 adessent.
812 1752 844 1779 In
870 1752 901 1779 P.
921 1751 1072 1786 prolafero
1096 1749 1253 1786 phyllodia
1279 1749 1367 1776 semel
1393 1752 1444 1776 aut
1468 1748 1584 1785 pluries
1607 1750 1690 1775 torta
1715 1757 1791 1784 saepe

137 1804 214 1837 vidi,
248 1804 279 1831 in
314 1804 346 1831 P.
383 1803 517 1831 Smitlzise
551 1804 642 1840 plana
676 1806 824 1840 putarem,
855 1802 957 1839 qualia
982 1810 1099 1838 quoque
1122 1801 1153 1827 in
1177 1801 1210 1827 P.
1236 1800 1413 1828 wrm-media
1438 1799 1509 1827 vidi.
1553 1799 1585 1826 P.
1612 1797 1790 1825 intermedia

138 1855 232 1882 forma
256 1858 459 1882 ramentorum
485 1865 501 1882 a
524 1855 556 1882 P.
581 1855 726 1891 prolifera
750 1854 801 1881 vix
824 1853 941 1886 differt,
966 1863 982 1880 a
1007 1853 1038 1881 P.
1064 1851 1198 1879 Smithiae
1222 1851 1268 1879 his
1291 1850 1410 1878 facilins
1435 1850 1640 1886 dignoscatur.

714 2037 913 2081 XVIJXXV.
966 2039 1220 2078 Placophora.

141 2157 376 2203 PLACOPH.(?)
405 2168 626 2193 CUCULLATA
669 2158 723 2201 (J.
754 2157 818 2200 Afl·
850 2163 972 2196 msco'2)
1018 2156 1137 2191 fronde
1176 2154 1312 2202 juniore
1355 2152 1794 2196 subcuculli'itwflabellata,

250 2225 418 2261 adultiore
452 2238 556 2273 supra
584 2226 737 2272 stipitem
766 2225 905 2259 brevem
934 2235 1088 2270 expansa
1116 2223 1153 2256 in
1182 2222 1347 2256 laminam
1377 2221 1572 2266 oblongam,
1593 2220 1674 2253 hinc
1703 2222 1796 2253 costa

249 2297 442 2328 extrorsum
486 2292 683 2340 prominula
727 2292 941 2335 instructam,
984 2289 1199 2336 marginibus
1242 2288 1407 2323 involutis
1441 2288 1669 2331 incurvatam,
1703 2289 1795 2320 costa

251 2372 397 2407 superne
439 2360 639 2395 subramosa
681 2359 813 2394 cellulis
855 2357 1085 2405 cylindraceis
1126 2355 1426 2402 longitudinaliter
1459 2354 1592 2388 seriatis
1625 2358 1795 2397 contexta,

252 2428 385 2462 inferne
427 2427 560 2462 cellulis
602 2426 709 2461 multo
753 2426 941 2460 minoribus
984 2424 1158 2467 corticata,
1202 2422 1334 2457 cellulis
1364 2421 1502 2455 lamina*
1532 2419 1795 2464 subhcxagtmo-

253 2494 428 2540 angulatis
457 2494 560 2529 series
590 2493 763 2538 margines
793 2504 910 2526 versus
940 2490 1076 2536 oblique
1105 2489 1351 2524 adscendentes
1381 2487 1615 2522 tormz‘intibus.
