2035 2844
855 99 996 123 Analecta
1016 97 1193 131 Algologiea,
1564 98 1565 101 ’
1804 90 1846 122 19

193 189 264 237 guli
310 188 528 237 proveniunt,
571 190 606 221 at
639 185 786 220 distiche
816 185 971 232 dispositi
1002 188 1035 219 et
1063 185 1098 219 in
1129 186 1270 221 racliido
1300 187 1439 234 alterni,
1469 188 1504 223 in
1538 188 1571 224 (J.
1599 190 1768 233 plantula.
1799 203 1850 225 ra-

194 257 285 292 melli
330 255 455 303 plumae
484 267 527 289 ex
556 252 702 300 singulis
733 250 886 287 articulis
917 250 1067 285 111011111151
1097 252 1225 298 singuli
1256 254 1474 300 proveniunt,
1503 259 1538 290 at
1567 268 1685 291 omnes
1714 269 1850 292 sursum

194 323 339 372 porrecti
369 326 402 357 et
431 322 479 356 ita
508 320 686 356 secundati
718 318 910 364 marginem
940 330 1003 352 nec
1032 318 1197 365 paginam
1228 306 1612 369 rachidiadvertentes,
1642 324 1678 358 in
1703 326 1736 359 (⁸.
1763 326 1850 359 Cret-

193 394 285 427 ciaio
315 390 451 438 plumas
485 387 682 423 tetrasticho
712 387 895 434 dispositas
924 390 957 420 et
985 386 1138 433 opposite
1167 387 1328 433 pinnatas
1369 388 1486 424 adesso
1516 394 1659 436 constat,
1688 395 1724 426 at
1752 393 1850 439 pagi-

194 472 275 494 nam
304 458 456 506 planam,
486 468 547 491 nec
578 455 771 501 marginem
800 454 890 489 cauli
920 454 1146 489 advertentes.

298 525 395 568 Quod
438 524 561 559 attinet
595 522 748 567 favellas,
783 522 845 557 has
879 522 913 556 in
945 521 1128 568 Speciebus
1159 522 1335 557 nonnullis
1365 525 1564 570 repentibus
1595 527 1679 561 mihi
1709 529 1850 564 omnino

192 596 327 641 ignotas
370 606 451 639 esse,
495 593 667 635 confiteor,
710 603 772 625 nec
815 590 950 625 ‹jiasdem
985 590 1028 624 ab
1062 589 1139 625 aliis
1169 590 1367 626 observatas
1398 592 1501 627 fuisse
1530 594 1608 629 scio.
1666 595 1760 630 Hinc
1789 596 1851 632 has

192 663 320 710 specics
365 661 534 696 affinitate
577 659 690 694 adhue
732 658 854 693 dubias
896 658 1122 702 etms-iderare,
1157 657 1273 692 forsan
1302 663 1506 706 opporteret.
1564 661 1605 695 In
1637 663 1777 710 reliquis
1807 678 1850 699 ex

192 728 453 766 ramilicationis
496 739 617 762 norma
645 726 808 761 indicatis
837 725 940 773 typis,
970 726 1190 773 conspicuam
1220 726 1418 772 analogiam
1449 727 1484 761 in
1514 728 1720 765 evcdutionis
1750 732 1850 767 modo

192 798 328 833 l'avellae
357 797 475 832 adesse
504 799 675 843 putarem,
706 794 868 829 nimirum
900 794 934 828 in
965 794 1124 829 (minibus
1153 798 1364 840 generantur
1393 795 1505 830 nuclei
1541 797 1632 831 intra
1652 799 1846 844 ρους-(1110111

192 865 431 901 densissimam
474 863 695 899 ramulorum.
752 862 871 910 Ipsum
914 862 1130 897 involucrum
1175 863 1272 909 quasi
1316 863 1572 911 constituentes,
1607 870 1686 900 sunt
1715 867 1849 901 ramelli

192 934 373 969 interiores
416 932 589 968 molliores
631 936 664 967 ct
709 931 895 977 incurvati,
940 934 1039 978 prout
1070 944 1148 967 vcro
1179 932 1303 966 ramuli
1333 932 1368 966 in
1398 932 1518 980 planta
1547 933 1654 968 sterili
1684 939 1764 969 sunt
1793 939 1851 969 aut

193 1001 397 1047 mollissimi,
427 1004 486 1035 aut
516 999 743 1046 rigidiusculi,
773 999 907 1034 ramelli
938 998 1134 1045 exteriores,
1164 999 1255 1034 circa
1284 1000 1429 1035 favellas
1459 1001 1622 1047 congesti,
1643 1001 1750 1036 alium
1770 1003 1846 1037 offe—

194 1073 274 1104 runt
302 1069 512 1116 adspectum,
542 1072 575 1102 ct
604 1068 668 1103 hoc
696 1068 781 1114 quin
810 1067 914 1102 immo
946 1068 981 1101 in
1010 1067 1187 1114 speciebus
1216 1067 1367 1114 ejusdem
1398 1068 1471 1116 typi
1502 1069 1669 1116 proximis
1694 1071 1749 1114 (C.
1772 1083 1850 1104 crat-

193 1128 325 1172 emmim,
355 1141 388 1171 et
418 1136 451 1171 C.
483 1139 758 1180 weretcrmzatmnb).
817 1135 859 1169 In
884 1135 1055 1180 omnibus,
1075 1135 1174 1182 quasi
1196 1135 1286 1170 intra
1307 1136 1455 1171 eundem
1475 1136 1697 1172 ramellorum
1719 1137 1850 1183 nidum,

194 1205 328 1240 l'avellae
372 1204 486 1252 plures
519 1205 562 1239 ab
592 1204 691 1238 initio
721 1207 945 1249 generantur,
976 1206 1101 1250 postea,
1132 1203 1167 1237 ni
1196 1203 1298 1239 fallor
1327 1204 1550 1240 dissolutione
1580 1205 1801 1240 ramelloruin
1825 1208 1850 1251 ¹)

193 1273 437 1318 cohibentium,
482 1272 618 1307 favellae
661 1271 808 1318 singulae
841 1275 874 1306 et
903 1271 1051 1307 invicem
1084 1271 1200 1307 liberae
1230 1272 1356 1308 sensim
1386 1276 1601 1321 separantur.
1661 1273 1758 1321 Ipsos
1789 1286 1850 1309 nu-

192 1341 281 1375 cleos
323 1340 358 1374 in
402 1340 561 1375 omnibus
604 1340 696 1387 typis
740 1340 885 1375 diversis
927 1339 1289 1385 globoso-reniformes
1332 1341 1414 1387 vidi,
1448 1341 1651 1377 brevissimo
1685 1342 1851 1390 pedicello

192 1409 358 1455 suffultos,
392 1412 424 1443 et
457 1408 645 1454 gemmidia
674 1408 823 1455 plurima
852 1407 1223 1454 angulato-rotundata
1252 1409 1344 1443 intra
1374 1410 1611 1444 membranam
1642 1410 1850 1457 pellucidam

192 1477 398 1513 cohibentes.
456 1475 731 1512 Gennnidiorum
766 1476 1024 1523 dispositionem
1055 1480 1114 1511 aut
1143 1476 1389 1512 colnercntiam
1419 1478 1454 1512 in
1485 1477 1552 1524 fila,
1584 1490 1604 1513 a
1633 1482 1749 1514 centro
1769 1488 1851 1526 quo-

192 1545 271 1580 dam
301 1545 484 1590 radiantia,
514 1545 550 1579 in
580 1544 712 1579 nucleis
742 1544 895 1579 nondum
925 1544 1071 1579 maturis
1101 1544 1301 1591 dignoscere
1322 1545 1451 1592 putavi.

298 1613 559 1661 Sphaerosporas
602 1613 792 1660 specierum
836 1613 990 1648 omnium
1034 1613 1215 1648 cm‘iciatim
1258 1613 1387 1649 divisas
1430 1626 1502 1649 esse
1545 1626 1718 1649 assumere
1748 1626 1850 1650 ausus

191 1693 276 1727 sum,
306 1693 516 1728 quamquam
546 1680 719 1726 triangule
749 1680 877 1716 divisas
908 1681 943 1714 in
974 1680 1150 1716 nonnullis
1179 1681 1361 1716 observare
1391 1681 1621 1716 crediderunt.

300 1749 436 1796 Species
478 1761 678 1784 numerosas
721 1749 836 1784 allatis
870 1749 1126 1785 characteribus
1155 1754 1393 1795 congruentes,
1423 1750 1465 1784 ad
1496 1750 1586 1785 idem
1616 1749 1735 1785 Genus
1764 1750 1849 1784 refe-

193 1818 316 1852 rendas
358 1830 429 1853 esse
471 1818 611 1864 credidi,
651 1818 741 1864 quod
771 1818 909 1852 nomine
940 1817 1197 1862 ilm‘itliscmnii,
1228 1818 1404 1865 quondam
1434 1831 1453 1853 a
1484 1818 1617 1864 Naegeli
1649 1818 1738 1863 dato,
1769 1817 1850 1851 cha-

194 1889 325 1921 ractere
359 1898 438 1921 vero
468 1885 614 1921 Generis
643 1890 676 1921 ct
704 1886 873 1921 limitibus
904 1887 1053 1931 mutatis,
1084 1886 1335 1933 designandum
1367 1887 1494 1934 putavi.
1552 1886 1627 1922 Hoc
1659 1886 1756 1921 inodo
1786 1886 1850 1920 cir-

191 1953 449 2001 cumscriptum,
478 1958 511 1989 ct
540 1953 656 2001 pinnis
685 1953 852 2001 oppositis
881 1960 914 1988 ct
943 1954 1190 2002 sphzerosporis
1219 1955 1399 1989 cruciatim
1429 1954 1558 2000 divisis,
1588 1958 1621 1989 et
1651 1953 1786 1989 favellis
1806 1953 1849 1988 ab

279 2103 302 2140 ¹)
325 2103 368 2131 Ob
404 2104 523 2131 nucleos
557 2104 669 2140 plures⁷
704 2103 792 2131 initio
827 2104 909 2131 intra
944 2103 1046 2132 nidum
1076 2106 1242 2140 congestos,
1266 2104 1382 2131 demum
1407 2106 1574 2141 separatos,
1598 2105 1627 2130 et
1653 2101 1850 2130 suadentibus

191 2154 334 2188 lamellis,
359 2165 484 2192 quorum
509 2156 710 2183 membranam
737 2155 863 2192 sparsim
888 2155 1086 2191 gelatinosam
1112 2158 1141 2183 et
1166 2155 1251 2192 quasi
1273 2157 1334 2191 jam
1360 2155 1537 2182 dissolutam
1561 2153 1729 2185 observavi,
1753 2162 1850 2180 ramu-

191 2206 233 2233 los
268 2206 299 2234 iu
333 2206 446 2234 vicinia
482 2207 738 2244 cystocarpiorum
768 2211 924 2243 congestos
949 2207 1056 2235 sensim
1081 2218 1257 2235 evanescere
1283 2207 1406 2243 conjeci,
1429 2206 1542 2243 partim
1567 2214 1684 2243 quoque
1708 2204 1848 2240 analogia

191 2257 308 2285 ductus.
355 2257 438 2292 Quod
473 2257 550 2285 enim
585 2257 615 2285 in
650 2257 811 2291 Florideis,
847 2261 1002 2286 structura
1036 2258 1131 2294 magis
1167 2257 1331 2295 composita
1366 2257 1533 2289 instructis,
1569 2259 1698 2284 stratum
1726 2255 1849 2283 circum-

191 2309 330 2336 nucleare
365 2308 439 2342 dixi,
473 2308 505 2336 id
535 2309 618 2337 aliud
642 2309 787 2345 ejusmodi
812 2309 1018 2338 dissolutionis
1042 2310 1209 2347 exemplum
1234 2312 1263 2337 et
1287 2310 1388 2337 forsan
1411 2309 1441 2336 in
1466 2308 1590 2336 cundem
1614 2308 1700 2335 finem
1724 2306 1848 2343 perduc-

191 2362 265 2392 tum,
288 2360 423 2396 praebere
446 2359 519 2387 mihi
544 2360 697 2398 adparuit.
744 2360 777 2388 In
802 2360 998 2398 Uystocarpio
1022 2360 1163 2388 nimirum
1184 2360 1304 2397 juniore
1321 2360 1507 2397 quorundam
1526 2359 1663 2387 nucleum
1680 2358 1733 2385 1100
1751 2359 1847 2384 strato

192 2413 275 2438 arcte
298 2410 445 2439 inclusum
468 2411 547 2445 vidi3
572 2415 676 2449 postea
700 2421 771 2440 vero
795 2411 850 2440 1100
873 2415 1004 2440 stratum
1028 2422 1204 2440 evanescere
1229 2415 1257 2440 et
1282 2412 1461 2440 dissolutum
1485 2410 1603 2448 putavi.
1649 2410 1756 2437 Utrum
1777 2418 1846 2436 vero

192 2461 246 2489 hoe
279 2462 364 2490 fieret
398 2465 430 2490 ut
466 2463 648 2497 evolutioni,
667 2463 895 2499 gemmidiorum
920 2463 1043 2491 uberius
1067 2463 1481 2500 nutrimentum'pararetur,
1506 2472 1542 2489 au
1567 2460 1692 2489 liberius
1716 2459 1846 2496 spatium

193 2512 360 2548 gemmidiis
384 2513 631 2552 increscentibus,
656 2514 764 2543 nescio.
