2035 2844
806 111 945 134 Analecta
964 110 1143 142 Aigologioa.
1731 97 1774 130 16
1782 97 1801 131 3

257 197 408 231 Stratum
452 195 622 240 corticale,
665 196 707 229 ab
750 195 911 229 interiore
952 196 1048 241 quasi
1093 197 1202 239 magis
1232 197 1442 239 distinctum,
1473 198 1541 232 fere
1570 197 1799 244 gelatinosum

152 263 289 308 diceres,
331 267 364 297 et
393 275 413 298 a
442 263 528 298 facie
557 263 776 298 observatum
806 266 1005 297 contextum
1036 263 1169 298 cellulis
1199 264 1340 299 minutis
1369 265 1571 309 rotundatis,
1601 265 1803 310 geminatim

151 330 313 364 ternatim
355 334 414 364 aut
442 330 556 364 forsan
586 342 723 376 quoque
753 318 983 376 quaternatim
1014 330 1274 376 adproximatis,
1306 330 1496 377 pleiadibus
1526 331 1674 366 invicem
1704 332 1802 378 quasi

150 396 303 442 gelatina
345 396 524 443 separatis,
567 400 766 443 comparata
797 396 943 431 dissecta
971 396 1091 430 fronde
1120 396 1336 441 intelligatur
1365 397 1506 432 cellulas
1536 397 1596 433 lias
1626 398 1803 433 cortieales

150 475 221 498 esse
263 463 376 509 apices
419 462 563 505 filorum,
606 463 729 509 quibus
759 464 855 510 quasi
886 464 1132 510 disjunguntur
1161 463 1294 498 cellulae
1324 464 1513 506 interiores,
1543 477 1563 498 a
1592 469 1685 499 costa
1714 466 1802 511 peri-

149 528 304 575 pheriam
334 540 451 562 versus
480 532 652 562 exeuntes.
708 529 837 575 Apices
867 529 1076 563 ramulorum
1109 529 1338 564 terminantur
1359 530 1483 564 cellula
1504 531 1686 575 terminali,
1708 533 1802 578 cujus

149 595 316 629 divisione
346 598 554 639 generantur
585 594 745 628 verticilli
776 594 932 640 proxime
961 598 1140 639 sequentes
1170 594 1357 637 inferiores,
1387 595 1518 629 cellulis
1548 595 1756 631 subolavatis
1778 597 1799 630 6

152 685 196 687 -
230 666 262 697 et
291 662 416 696 sensim
448 662 604 708 pluribus
638 684 680 686 ---
714 661 748 695 111
780 661 890 705 fallor,
933 660 1118 695 constituti.
1176 661 1332 695 Sectione
1362 662 1583 696 transversali
1615 663 1721 709 partis
1747 664 1801 709 ju-

149 729 255 764 nioris
289 728 463 763 racliidem
493 728 562 763 fere
592 728 781 775 ellipticam
813 728 893 770 vidi,
923 727 1035 762 media
1065 731 1161 774 parte
1191 728 1365 772 crassiore,
1395 728 1570 773 margines
1600 741 1719 764 versus
1748 742 1800 764 ro-

149 794 308 828 tundatos
338 794 465 828 sensim
494 797 680 828 attenuata.
738 793 872 828 Cellula
902 793 1064 828 centralis
1093 793 1201 833 adest;
1232 794 1331 834 hanc,
1362 794 1506 841 paginas
1536 807 1663 838 versus,
1693 796 1799 838 gemi-

148 861 201 895 nis
231 860 363 895 cellulis
392 860 553 906 utrinque
582 860 731 894 cinctam
762 861 847 903 vidi3
877 860 1065 894 lateraliter
1085 860 1209 894 cellula
1229 860 1332 895 axilis
1353 861 1504 896 seriebus
1524 861 1669 907 singulis
1690 863 1799 896 utrin-

147 938 212 972 que
242 926 414 971 margines
444 938 562 960 versus
591 926 852 960 excurrentibus
882 926 1110 961 continuatur.
1169 925 1263 960 Inter
1292 926 1353 962 has
1384 927 1525 963 cellulas
1555 929 1709 975 majores,
1730 929 1797 963 cel-

147 992 226 1026 1111110
270 993 427 1036 1111110105,
470 992 519 1035 (111
563 992 663 1026 fallor
697 992 924 1027 fasciculatim
951 994 1093 1039 junctae)
1123 993 1261 1027 demum
1291 993 1326 1026 111
1356 998 1503 1027 stratum
1533 993 1692 1028 corticale
1721 1006 1799 1027 cxc—

148 1061 247 1092 untes
289 1057 457 1091 videntur.
514 1057 602 1098 Quia
635 1057 767 1092 cellulae
797 1059 1042 1093 constituentes
1072 1058 1258 1093 directione
1288 1059 1462 1106 paulisper
1490 1059 1631 1106 obliqua
1660 1060 1800 1094 adscen-

151 1123 268 1158 dentes
312 1128 449 1169 exeunt,
492 1136 574 1158 vera
617 1123 792 1170 dispositio
836 1123 1066 1169 conspiciatur
1100 1123 1283 1168 difficilius,
1313 1124 1377 1158 nisi
1408 1124 1564 1171 pluribus
1593 1124 1800 1171 comparatis

145 1190 360 1225 sectionibus.
416 1190 458 1224 In
502 1189 621 1224 fronde
665 1190 833 1224 adultiore
876 1190 1021 1224 dissecta
1066 1188 1179 1223 rachis
1220 1202 1354 1236 quoque.
1384 1191 1577 1226 evidentius
1606 1203 1799 1238 compressa

145 1257 318 1303 adpareat,
348 1257 562 1302 marginibus
590 1256 793 1300 rotundatis,
824 1255 1042 1289 interioribus
1072 1254 1204 1289 cellulis
1236 1256 1419 1302 majoribus
1440 1257 1655 1303 per‘unicam
1677 1258 1798 1291 scriem

144 1337 165 1359 a
193 1324 311 1359 costali
342 1325 480 1370 regione
512 1324 684 1369 margines
713 1336 831 1358 versus
862 1323 1049 1370 dispositis,
1079 1327 1177 1357 extra
1207 1322 1278 1367 has,
1309 1323 1454 1369 paginas
1484 1336 1612 1368 versus,
1641 1324 1799 1369 singulas

144 1391 304 1437 utrinque
333 1391 435 1425 series
465 1390 664 1436 dignoscere
694 1391 822 1437 putavi,
852 1402 996 1436 quarum
1028 1389 1160 1423 cellula)
1190 1389 1336 1434 geminae
1366 1390 1529 1436 oppositze
1554 1402 1630 1424 cum
1652 1390 1798 1436 singulis

145 1458 265 1492 media]
298 1458 396 1493 seriei
430 1458 640 1493 alternantes
670 1458 879 1492 viderentur.
937 1457 1089 1491 Stratum
1119 1456 1279 1491 corticale
1309 1456 1378 1490 fere
1408 1456 1475 1491 filis
1505 1456 1665 1492 brevibus
1695 1457 1797 1491 verti-

144 1524 276 1559 calibus
305 1525 341 1558 in
372 1528 467 1571 parte
496 1525 665 1559 adultior-e
695 1528 851 1559 constare
880 1523 1016 1558 facilius
1046 1523 1203 1557 dicerem.

252 1591 415 1625 Plantam
458 1591 713 1626 characteribus
756 1590 871 1625 allatis
914 1589 1192 1635 dignoscfflidam,
1235 1587 1354 1623 Genus
1397 1589 1447 1623 sui
1474 1589 1561 1635 juris
1591 1589 1797 1624 constituere

145 1658 229 1692 mihi
272 1658 409 1704 quiden]
440 1662 570 1693 certum
600 1658 744 1692 videtur.
801 1657 934 1703 Ignotis
964 1656 1186 1703 cyst0‹·ai·13›iis
1216 1655 1257 1689 de
1286 1655 1444 1701 proxima
1472 1655 1642 1690 affinitate
1671 1656 1796 1691 certius

140 1722 294 1768 judicare
324 1722 437 1757 forsan
467 1735 536 1758 non
565 1723 676 1757 liceat.
734 1723 899 1756 Attamen
930 1734 971 1756 ex
1002 1722 1052 1763 iis,
1081 1733 1157 1768 quic
1188 1721 1227 1755 <le
1257 1725 1429 1756 structura
1458 1722 1588 1757 frondis
1618 1726 1650 1757 ct
1679 1723 1796 1757 stichi-

144 1789 276 1823 diorum
307 1789 466 1836 comperi,
495 1801 622 1824 novum
652 1789 771 1824 Genus
800 1789 1065 1836 Chondriopsidi
1092 1789 1288 1836 proximum
1309 1789 1488 1836 disponere
1510 1789 1569 1823 vix
1590 1790 1793 1824 dubitarem.

143 1854 322 1889 Structura
365 1855 496 1889 frondis
536 1859 568 1889 et
601 1854 839 1889 stichidiorum
869 1868 942 1889 eam
973 1855 1215 1889 Rhodomcleis
1245 1855 1415 1902 pertinere
1445 1856 1603 1897 suadent,
1647 1856 1795 1903 spliaero-

143 1933 250 1967 spcrae
292 1921 506 1955 verticillatae
535 1933 609 1956 eam
640 1920 942 1969 Chomlriopsidcis
972 1923 1163 1969 proximam
1196 1923 1371 1957 vindicare
1402 1923 1573 1957 videntur.
1630 1925 1687 1958 Ab
1717 1924 1794 1959 aliis

143 1987 265 2021 harum
295 1986 490 2021 Generibus
520 1987 659 2021 habitus
688 1992 720 2021 et
751 1988 1008 2023 ramiticationis
1038 2001 1166 2030 norma,
1197 1990 1291 2024 velut
1320 1993 1466 2024 stratum
1488 1990 1656 2030 corticale,
1677 1990 1795 2026 Genus

144 2053 319 2100 proprium
351 2053 503 2087 indicare
532 2053 690 2088 lubenter
719 2066 935 2088 assumerem.

249 2119 304 2153 Ex
347 2119 515 2154 stichidiis
558 2120 666 2154 obiter
708 2107 870 2167 inspectis
914 2120 1067 2166 plantam
1097 2119 1304 2165 Caloglossae
1334 2121 1528 2168 proximam
1559 2134 1630 2155 esse
1660 2121 1794 2156 facilius

143 2186 219 2232 quis
263 2186 453 2232 conjiceret.
511 2186 762 2233 Spliaerosporae
794 2186 957 2220 nimirum
989 2187 1146 2233 plurimae
1175 2192 1207 2222 et
1236 2187 1311 2233 pari
1341 2187 1440 2222 modo
1470 2187 1615 2229 soi-iata,
1645 2187 1794 2222 seriebus

144 2251 333 2285 numerosis
363 2251 546 2297 parallelis,
576 2251 713 2297 oblique
743 2256 775 2285 et
805 2256 961 2298 patenter
990 2263 1010 2285 a
1039 2257 1132 2287 costa
1161 2253 1335 2299 margines
1360 2266 1477 2288 versus
1498 2254 1793 2294 ι011500101001111115,

147 2321 179 2351 et
208 2317 354 2351 invicem
387 2317 551 2364 proximae
582 2317 717 2352 facilius
747 2317 958 2362 viderentur,
989 2322 1023 2351 at
1047 2330 1095 2361 ea,
1116 2330 1191 2364 qua>
1212 2319 1258 2353 ita
1279 2320 1443 2366 adpareat
1464 2319 1694 2366 dispositionis
1714 2331 1792 2353 con-

148 2384 316 2429 gruentia,
346 2384 519 2419 evanescit
548 2384 701 2431 plantam
722 2385 915 2419 accuratius
935 2386 1160 2426 examinanti,
1181 2390 1213 2420 et
1232 2386 1399 2432 quomodo
1420 2386 1549 2419 oriatur
1569 2385 1790 2431 comparanti.

147 2450 290 2492 Qualem
321 2450 577 2497 dispositionem
607 2452 642 2485 in
672 2451 881 2498 Cyclospora
909 2452 1099 2497 ol5›sci¹vavi,
1129 2452 1217 2486 hanc
1248 2452 1354 2486 multo
1384 2451 1494 2496 magis
1523 2463 1599 2485 cum
1622 2455 1792 2485 structura
