2035 2844
817 127 955 151 Analecta
977 127 1154 158 Algologica.
1746 111 1812 147 181

360 212 483 251 (cellula
506 211 629 249 basalis)
655 211 740 249 quasi
765 221 822 239 non
846 214 963 239 mutata
986 212 1138 249 persistit3
1163 212 1258 240 altera
1284 212 1418 250 (supera)
1443 212 1582 250 pluribus
1604 212 1726 240 iteratis
1750 213 1817 241 sub-

360 263 558 292 divisionibus
583 262 693 300 (prima
717 265 750 290 ut
774 262 895 290 videtur
919 262 1136 298 longitudinali
1161 262 1317 299 divisione,
1337 263 1531 300 sequentibus
1547 263 1815 301 transversalibus)

360 314 433 342 duas
457 313 543 341 offert
569 314 744 341 cellularum
768 312 858 341 series
882 312 1130 348 longitudinales.

161 375 227 422 Fi'g.
255 386 302 414 11.
349 385 486 413 Stadium
510 384 690 413 evolutionis
713 385 804 422 paulo
828 383 986 421 posterius.
1024 383 1235 421 Conspiciatur
1260 385 1368 412 cellula
1392 385 1504 413 basalis
1521 385 1652 413 indivisa
1669 388 1700 413 at
1718 385 1816 422 quoad
1852 413 1855 416 ,

359 437 484 463 formam
518 436 672 473 paulisper
707 438 832 463 mutata.
880 435 976 463 Series
1011 435 1134 471 gelninae
1171 436 1407 472 longitudinales
1433 437 1609 464 cellularum
1634 437 1678 467 (in
1702 436 1751 473 fig.
1779 436 1817 464 10

360 487 551 524 conspicuae),
586 486 706 514 iteratis
740 486 939 515 divisionibus
974 486 1005 514 in
1032 487 1051 514 4
1075 487 1220 523 ejusmodi
1244 487 1334 515 series
1359 488 1511 525 dispositfe
1535 488 1710 516 obveniunt.
1756 487 1815 516 Ubi

359 538 435 565 rami
460 538 659 565 involucrales
683 538 711 571 4,
735 537 825 565 series
849 538 922 565 istas
946 537 1073 573 singulis
1097 538 1188 565 ramis
1213 538 1399 575 antepositas
1423 539 1575 572 obvenire,
1600 539 1709 578 forsan
1725 539 1816 575 conji-

361 599 426 616 cere
451 589 569 622 liceret,
601 589 680 625 quod
704 591 804 616 tamen
829 598 845 615 a
869 598 913 615 me
937 588 1066 615 nonduin
1090 589 1282 617 observatum
1307 589 1407 625 fuisse,
1433 589 1639 617 animadverte
1663 593 1814 627 opportet.

443 639 549 667 Omnes
583 639 636 667 has
670 639 853 666 mutationes
888 640 973 666 intra
1008 638 1169 666 articulum
1198 639 1330 667 fertilem
1354 640 1517 677 perductas
1540 641 1708 668 observavi.
1755 640 1815 668 Sub

358 690 524 727 posteriore
559 690 657 718 stadio
692 700 708 717 a
744 689 860 717 cellulis
894 689 1091 717 interioribus
1125 690 1169 718 ita
1204 690 1341 718 formatis
1365 690 1489 727 singulte
1514 691 1621 719 sensim
1647 701 1815 719 excrescere

358 741 510 775 videntur,
544 741 626 769 nullo
661 741 784 778 proprio
820 744 940 769 servato
974 741 1089 774 ordine,
1114 741 1171 769 nisi
1196 752 1348 779 supremas
1372 742 1487 779 priores
1511 745 1541 770 et
1565 742 1633 770 dein
1657 742 1814 771 inferiores

358 792 578 829 proeminentes
601 792 752 820 obvenire.
799 792 931 820 Cellulas
954 793 999 820 ita
1023 796 1226 821 excrescentes
1249 793 1394 821 obovatas
1411 793 1486 827 vidi,
1502 794 1675 821 membrana
1691 793 1814 830 hyalina

358 843 506 877 obtectas,
540 843 571 871 in
594 843 755 879 gemmidia
778 843 881 871 valida
905 843 1025 880 singula
1048 844 1200 873 abeuntes.
1229 836 1332 872 'Hanc
1355 844 1566 878 evolutionem,
1590 845 1724 882 proxime
1749 855 1814 873 con—

357 894 525 921 venientem
550 904 614 922 cum
637 894 807 922 evolutione
830 894 1084 929 Spermoz‘llmmzii
1106 895 1213 923 roseoli
1229 905 1246 922 a
1262 895 1451 931 Pringsheim
1468 895 1499 923 111
1520 897 1592 925 Tab.
1615 898 1723 933 IVfiy.
1742 897 1813 925 1-2

356 944 518 981 delineata,
543 945 597 973 hoc
620 945 684 973 1000
708 945 830 973 seorsim
854 956 1011 983 exponere,
1036 956 1289 983 supervacaneum
1315 947 1396 975 duxi.

865 1195 1018 1230 'Pabula
1044 1197 1112 1230 111.

159 1299 234 1345 Fig.
270 1299 297 1334 1.
354 1298 698 1334 CERATOTHAMNION
727 1298 936 1333 PIKEANUM.

161 1381 225 1418 Fig⁴
256 1383 280 1410 l.
327 1381 415 1410 Sistit
443 1382 552 1409 ramuli
576 1381 739 1409 favelliferi
763 1385 880 1418 partem
904 1391 1083 1418 supremam,
1108 1382 1226 1418 qualem
1250 1383 1341 1410 ramis
1366 1383 1604 1411 involucralibus
1633 1388 1812 1415 (extrorsum

363 1433 578 1461 cervicorniter
607 1433 786 1467 ramellosis)
804 1432 968 1468 distractis
993 1433 1103 1460 nudum
1128 1436 1156 1460 et
1181 1433 1300 1460 favellis
1324 1433 1465 1470 pluribus
1489 1434 1619 1462 obsitum
1643 1435 1812 1463 observavi.

359 1484 489 1512 Favellae
514 1494 591 1512 1111110
615 1484 749 1520 geminae,
774 1494 850 1511 1111110
874 1484 976 1521 plures
1001 1484 1228 1521 adproximatae,
1253 1488 1284 1511 at
1309 1494 1343 1512 ex
1368 1485 1494 1513 diversis
1519 1486 1667 1519 articulis,
1691 1487 1813 1515 1111111111

360 1535 514 1573 adparuit,
537 1535 757 1572 provenientes.

160 1622 233 1668 Fig.
266 1622 404 1656 2—11.
460 1623 726 1657 AMPHIPLEXIA
756 1621 1148 1657 HYMENOCLADIOIDES.

160 1704 229 1740 Fig.
251 1705 279 1733 2.
325 1704 420 1732 Frons
444 1714 541 1741 magn.
566 1707 629 1734 nat.
655 1704 784 1742 depicta,

160 1760 226 1797 Fig.
252 1761 309 1789 3a.
358 1761 430 1789 Pars
465 1762 643 1789 membranae
678 1761 836 1789 exterioris
871 1761 986 1789 frondis
1021 1761 1148 1795 inflatae,
1185 1761 1215 1788 in
1239 1764 1392 1797 segmento
1416 1761 1500 1789 tenui
1526 1762 1674 1799 adparent
1700 1762 1813 1789 cellulae

358 1812 575 1840 subcorticales
599 1814 736 1849 majores,
751 1812 947 1849 juxtapositae
964 1812 1236 1840 monostromaticae
1254 1813 1307 1849 (pasl
1324 1813 1363 1849 ἃ),
1382 1816 1549 1840 extrorsum
1568 1813 1814 1843 convexiusculaev

359 1863 473 1891 vertice
507 1863 603 1896 nndae,
637 1863 711 1900 ipsis
746 1863 862 1891 cellulis
887 1864 1081 1891 corticalibus
1105 1864 1229 1891 minutis
1254 1864 1336 1891 011011
1361 1865 1484 1892 cellulas
1508 1867 1635 1901 majores
1659 1865 1688 1892 in
1713 1865 1812 1892 orbem

360 1914 523 1951 dispositis,
559 1915 726 1942 interstitia
754 1915 967 1951 obtegentibus
990 1915 1043 1953 (ml
1067 1915 1129 1952 ÷÷÷⁶).
1176 1915 1261 1943 Intra
1286 1916 1410 1943 cellulas
1434 1916 1660 1949 subcorticales,
1685 1918 1813 1943 stratum

359 1965 487 1994 interius
511 1965 569 1993 filis
594 1967 887 1994 anastomosantibus
911 1970 1082 1994 contextum
1109 1968 1163 2003 (ad
1187 1967 1272 1998 Ηῆ).

163 2038 229 2074 Fig.
255 2038 272 2065 3
287 2039 312 2066 b.
359 2037 530 2075 Aliquando
559 2039 641 2066 intra
665 2039 790 2067 cellulas
813 2039 903 2067 strati
927 2039 1138 2067 subcorticalis
1163 2040 1217 2075 [affl
1240 2039 1269 2075 ἦέ>
1294 2039 1452 2067 observavi
1477 2040 1604 2067 alteram
1629 2039 1734 2067 seriem
1759 2039 1814 2066 cel-

360 2091 490 2118 lularum
524 2091 731 2124 consimilium,
767 2101 830 2128 quae
866 2091 957 2128 duplo
981 2092 1109 2126 majores
1132 2090 1237 2127 (ἥῇᾆῑ)
1263 2090 1335 2117 1111111
1360 2090 1581 2127 adparuerunt,
1617 2090 1670 2117 has
1693 2090 1815 2117 ultimas

361 2141 467 2169 sensim
490 2141 522 2169 in
545 2141 650 2169 inflata
674 2142 779 2169 fronde
804 2152 980 2171 evanescere
1004 2145 1056 2170 aut
1080 2142 1111 2170 in
1135 2142 1260 2170 cellulas
1283 2142 1375 2170 strati
1396 2142 1552 2170 interioris
1569 2141 1652 2169 abire
1671 2141 1814 2178 suspicor.

162 2214 228 2250 Fig.
253 2215 282 2242 4.
328 2213 402 2241 Pars
436 2213 613 2241 membranae
649 2214 763 2241 frondis
798 2224 814 2241 a
848 2214 924 2242 facie
952 2214 1124 2247 observata,
1148 2217 1318 2242 monstrans
1342 2214 1466 2241 cellulas
1491 2213 1649 2241 corticales
1673 2212 1814 2245 minutas,

360 2263 440 2291 circa
464 2264 586 2291 cellulas
610 2264 825 2292 subcorticales
849 2265 879 2292 in
903 2265 990 2293 orbes
1014 2265 1186 2302 dispositas,
1210 2265 1274 2301 ipso
1298 2264 1411 2292 vertice
1435 2263 1680 2292 subcorticalium
1704 2263 1792 2290 nudo.

162 2335 227 2372 Fig.

254 2336 282 2364 ,Ψ

328 2335 425 2364 Strati
460 2336 613 2364 corticalis
648 2336 762 2364 frondis
796 2347 877 2373 parS,
902 2337 939 2365 ab
963 2337 1027 2374 ipso
1052 2337 1186 2374 margine
1210 2337 1301 2373 paulo
1327 2336 1435 2364 latiore
1459 2335 1534 2363 rami
1559 2334 1741 2372 complanati
1767 2334 1814 2361 de-

360 2389 468 2415 sumta.

163 2457 230 2493 Fig.
255 2458 281 2485 6.
328 2458 543 2495 Fragmentum
567 2459 610 2486 fili
635 2458 800 2488 (interioris
823 2459 938 2495 strati),
963 2459 1051 2496 quale
1074 2459 1104 2487 in
1128 2459 1232 2487 fronde
1256 2458 1363 2486 inflata
1387 2450 1530 2485 int'eriore
1547 2456 1814 2493 longitudinaliter

361 2520 523 2547 expansum
547 2514 576 2538 et
600 2511 846 2538 transversaliter
870 2513 982 2538 sectum
1007 2512 1061 2547 (1er
1084 2511 1114 2547 ἃ)
1139 2511 1297 2547 adpareat.

262 2582 358 2606 Lunds
377 2582 461 2606 Univ.
482 2574 634 2607 Arsskrift.
671 2583 749 2607 Tom.
768 2582 907 2607 XXVHL
1715 2581 1747 2603 24
