2035 2844
804 117 944 140 Analecta
963 116 1143 148 Algologica.
1724 101 1766 136 17
1775 101 1795 134 3

511 203 541 240 b)
565 202 731 237 coespitulz's
752 201 960 229 stieln'diorum
984 210 1002 228 a
1021 202 1142 236 payimc
1161 202 1418 237 proltjficuntibcts.

150 275 194 302 11.
239 274 298 302 ΑΜ.
322 283 468 302 PROLIFERA
492 273 522 301 J.
546 272 604 308 Ay.
629 272 680 307 Sp.
699 282 731 307 p.
756 274 841 300 1116.

144 360 288 378 ÷e÷÷÷÷÷÷÷÷÷÷÷÷
313 360 522 387 ALTERNTFOLLE
566 359 670 387 fronde
694 359 794 396 pinnis
817 359 1010 396 pinnulisque
1035 359 1269 396 alternantibus,
1295 359 1421 396 aliisque
1446 370 1463 387 a
1486 360 1598 397 pagina
1622 361 1800 397 emergenti-

347 411 402 438 bus
425 411 493 448 plus
516 410 612 438 minus
636 409 850 447 decomposita.

145 483 194 511 12.
239 483 298 511 AM.
322 482 461 510 MELVILLI
485 483 530 517 (J,
554 482 613 517 Ay,
637 481 727 510 Bidr.
752 481 822 517 Azy.
849 481 930 517 Syst,
953 481 1005 510 IV
1020 490 1054 516 1).
1081 482 1159 516 110).

147 597 178 631 Q.
234 597 305 632 AM.
336 597 523 632 HAWKERI
553 597 608 641 (J.
640 597 706 641 Ay.
738 600 862 642 mser.)
892 597 1012 633 fronde
1041 597 1226 632 ecorticata
1254 596 1587 631 lineari-lanceolata
1611 600 1644 631 et
1664 596 1800 631 demum

251 676 340 711 saepe
382 668 481 710 torta,
524 664 657 699 inferne
700 664 814 699 valide
854 668 994 709 costata,
1024 663 1230 712 pinnatifida
1259 666 1291 697 et
1320 662 1630 710 prolificationilnis
1659 675 1679 697 a
1708 666 1801 698 costa

250 731 411 766 inferiore
441 731 694 777 emergentibus
724 731 800 779 plus
829 731 943 767 minus
968 731 1082 767 densis
1102 743 1247 775 ramosa,
1267 731 1484 776 marginibus
1504 730 1635 765 alterne
1656 735 1800 766 serrato-

249 798 412 845 pinnatis⁷
455 798 571 845 pinnis
613 797 840 833 adultioribus
870 798 1278 842 lanceolam-linearibus,
1305 797 1500 844 junioribus
1530 809 1550 831 a
1578 797 1698 832 latiore
1730 798 1801 832 basi

251 865 467 910 acuminatis,
510 864 671 900 lacinulis
714 865 867 899 incurvis
910 864 1098 900 fructiferis
1142 863 1382 912 subpinnatim
1425 863 1544 898 divisis
1577 863 1614 897 in
1642 863 1803 898 stichidia

251 930 401 976 oblonga
430 930 586 965 involuta
616 930 864 965 transmutatis.

304 1012 395 1047 Hab.
437 1013 480 1046 ad
514 1025 590 1047 oras
619 1012 729 1047 Novae
759 1011 958 1046 Hollandiae
987 1011 1169 1057 australes3
1213 1012 1257 1046 ad
1286 1012 1457 1047 Adelaide
1486 1024 1506 1046 a
1534 1011 1664 1046 Honor.
1694 1010 1735 1045 G.
1767 1010 1803 1045 C,

250 1079 407 1114 Hawker
436 1079 525 1114 lecta
553 1079 655 1125 (Mus.
684 1078 880 1124 Kewense);
910 1079 983 1113 sine
1013 1078 1085 1114 loco
1115 1078 1223 1113 natali
1257 1079 1407 1114 indicato
1437 1079 1526 1113 inter
1546 1078 1632 1113 alias
1654 1078 1764 1124 Algas
1785 1090 1802 1112 a

254 1146 353 1181 Ferd.
383 1146 530 1180 Mueller
558 1146 671 1181 missa.

232 1227 350 1264 Species
375 1228 497 1255 videtur
520 1230 626 1264 major,
650 1229 746 1256 forma
770 1228 949 1255 laciniarum
974 1228 1053 1255 inter
1078 1228 1143 1255 Am.
1169 1228 1369 1256 Glomeratam
1396 1231 1425 1255 et
1443 1228 1506 1255 Am.
1522 1224 1700 1255 multifidam
1720 1226 1803 1263 quasi

146 1278 337 1311 intermedia,
372 1279 402 1306 in
437 1279 643 1316 superioribus
677 1279 816 1316 partibus
851 1278 1261 1316 decomposito-pinnatifida,
1285 1278 1460 1306 rachidibus
1484 1277 1705 1315 principalibus
1729 1287 1804 1314 szepe

146 1329 249 1362 tortis,
273 1329 389 1357 inferne
414 1333 525 1357 costam
548 1330 680 1357 validam
705 1329 914 1357 evolventibus
937 1332 966 1357 et
991 1329 1119 1366 denique
1144 1330 1242 1357 caules
1266 1329 1461 1362 incrassatos,
1481 1329 1642 1365 angulatos
1659 1332 1710 1356 aut
1728 1332 1805 1356 tere-

146 1380 291 1408 tiusculos
325 1381 538 1416 formantibus,
574 1380 847 1418 prolificationibus
882 1381 919 1408 ab
954 1380 1009 1408 hoc
1039 1384 1120 1408 costa
1150 1381 1345 1417 caulibusque
1369 1380 1506 1407 formatis
1530 1380 1611 1407 frons
1636 1379 1804 1411 admodum,

147 1431 208 1458 fere
232 1431 444 1464 fasciculatim,
469 1441 585 1459 ramosa
610 1432 746 1468 adparet.
794 1431 903 1467 Phylla
927 1431 1042 1458 minora
1065 1431 1145 1458 inter
1169 1431 1320 1467 margines
1345 1431 1526 1458 lacinulatas
1550 1431 1658 1458 lineam
1684 1430 1805 1457 circiter

147 1483 222 1516 lata,
246 1483 491 1520 semipollicaria,
515 1482 840 1517 lanceolam-linearia,
864 1483 954 1519 paulo
978 1483 1074 1519 magis
1098 1482 1309 1519 decomposita,
1333 1482 1434 1519 potius
1458 1481 1637 1515 lanceolata,
1662 1485 1690 1508 et
1709 1481 1806 1508 adhuc

147 1535 262 1570 majora
297 1537 364 1561 sunt
400 1534 516 1562 ambitu
540 1534 601 1561 fere
624 1533 827 1571 pymmidata,
862 1533 979 1561 laciniis
1007 1533 1201 1561 inferioribus
1224 1533 1421 1570 pollicaribus
1445 1536 1474 1560 et
1499 1533 1594 1564 ultra,
1619 1533 1686 1569 plus
1710 1532 1806 1559 minus

149 1585 367 1622 decompositis,

234 1635 371 1663 Sectione
398 1635 597 1663 transversali
621 1635 684 1662 vidi
709 1636 834 1664 cellulas
858 1636 1017 1664 interiores
1042 1636 1156 1673 duplici
1181 1639 1278 1664 strato
1303 1636 1474 1674 dispositas,
1509 1636 1807 1671 sub-rectangulares

149 1686 276 1722 ambitu,
300 1690 328 1714 et
353 1686 552 1719 verticaliter,
575 1686 703 1723 paginas
727 1697 840 1720 versus,
864 1687 1015 1723 longiores
1039 1698 1126 1724 quam
1152 1688 1245 1715 latas:
1271 1687 1358 1715 unius
1374 1687 1493 1724 paginae
1514 1687 1631 1714 cellulis
1648 1689 1700 1714 aut
1717 1696 1807 1723 oppo-

149 1737 216 1765 sitis
244 1740 296 1764 aut
322 1748 385 1765 cum
409 1737 446 1765 iis
471 1737 597 1765 alterius
620 1737 739 1774 paginae
763 1738 995 1766 alternantibus.
1044 1739 1168 1766 (fellulae
1194 1739 1351 1766 corticales
1375 1739 1474 1766 nullae.
1521 1738 1640 1766 costam
1664 1738 1694 1765 in
1719 1740 1806 1774 parte

149 1789 302 1826 superiore
326 1788 440 1816 frondis
464 1789 493 1816 in
518 1799 577 1816 una
599 1788 712 1825 pagina
736 1789 831 1825 magis
854 1790 1073 1826 prominentem
1097 1800 1184 1826 quam
1209 1790 1239 1817 in
1264 1791 1361 1818 altera
1385 1789 1461 1823 vidi,
1488 1789 1626 1817 cellulam
1644 1789 1807 1816 centralem

148 1840 231 1867 intra
266 1839 423 1877 paginalia
458 1842 556 1867 strata
581 1839 781 1876 conspicuam,
806 1840 978 1867 lateraliter
1003 1840 1131 1867 cinctam
1157 1840 1275 1868 cellulis
1298 1840 1394 1876 magis
1419 1839 1618 1876 complanatis
1643 1839 1717 1875 (fere
1740 1848 1808 1875 pro-

148 1890 246 1927 prium
272 1893 401 1918 stratum
426 1891 558 1918 centrale
582 1891 797 1927 formantibus)
822 1891 866 1918 ita
890 1894 922 1918 ut
947 1894 1131 1927 segmentum
1156 1891 1271 1918 frondis
1295 1901 1311 1918 a
1336 1891 1433 1918 media
1457 1893 1545 1927 parte
1569 1889 1720 1925 margines
1743 1899 1808 1916 ver-

149 1951 195 1969 sus
230 1944 276 1968 sat
312 1941 468 1978 conspicue
504 1944 696 1969 attenuatum
731 1942 868 1978 adparet.
916 1942 949 1969 In
984 1941 1125 1969 inferiore
1149 1945 1237 1978 parte
1262 1942 1377 1969 frondis
1402 1945 1483 1969 costa
1507 1941 1605 1968 oritur
1629 1940 1807 1973 incrassata,

151 2002 214 2029 quae
250 1992 366 2020 cellulis
400 1992 495 2028 magis
530 1992 742 2029 irregulariter
777 1993 931 2030 dispositis
955 1993 1187 2029 rotundatisque
1212 1993 1386 2030 composita,
1411 1993 1541 2020 sectione
1566 1992 1704 2028 adparet.
1751 1990 1808 2018 Sti-

152 2042 252 2070 chidia
280 2043 343 2070 vidi
368 2053 384 2070 a
408 2043 548 2070 lacinulis
572 2043 777 2080 superioribus
801 2044 896 2079 magis
921 2043 1083 2071 subdivisis
1107 2046 1136 2070 et
1160 2043 1328 2071 incurvatis
1352 2046 1429 2072 orta.
1456 2042 1611 2079 digitatim
1636 2045 1688 2070 aut
1713 2041 1808 2077 magis

149 2094 299 2131 pinnatim
334 2094 490 2131 disposita,
527 2095 647 2131 singula
682 2095 997 2130 lanceolato-oblonga
1032 2095 1149 2125 obtusa,
1184 2094 1332 2131 pedicello
1366 2093 1451 2121 brevi
1476 2093 1650 2129 angustiore
1674 2092 1807 2124 suffulta,

151 2145 266 2182 duplici
290 2145 365 2173 serie
391 2145 605 2181 longitudinali
630 2145 852 2182 sphaerosporas
875 2145 1029 2183 oppositas
1054 2145 1200 2181 gerentia.
1237 2145 1412 2173 Keramidia
1435 2145 1466 2172 in
1494 2145 1601 2181 planta
1626 2144 1808 2180 adparenter

151 2196 280 2223 firmiora
314 2197 445 2231 evoluta,
471 2197 508 2224 ad
532 2197 678 2224 lacinulas
701 2197 870 2233 superiores
893 2196 1077 2229 terminalia,
1102 2196 1362 2233 sphaerico-ovata.
1398 2196 1480 2222 intra
1504 2195 1705 2232 pericarpium
1732 2204 1809 2221 cras-

153 2256 215 2274 sum
239 2257 373 2283 opacum.
396 2247 534 2284 pluribus
559 2248 733 2275 cellularum
758 2247 864 2275 stratis
888 2247 1097 2282 constitutum,
1122 2246 1320 2283 carpostomio
1345 2256 1451 2282 supero
1476 2248 1624 2282 apertum,
1649 2244 1808 2280 gemmidia

153 2297 497 2335 elongato-pyriformia,
533 2298 563 2325 in
598 2298 727 2326 articulo
761 2298 915 2326 terminali
949 2298 1078 2331 filorum,
1114 2308 1130 2325 a
1164 2298 1305 2334 placenta
1335 2296 1431 2324 basali
1456 2296 1641 2324 radiantium
1665 2295 1808 2322 foventia.

154 2348 268 2376 Forsan
302 2349 488 2384 distinguere
522 2353 697 2386 opporteret
726 2349 806 2376 inter
829 2352 928 2377 strata
952 2349 1103 2376 exteriora
1128 2349 1314 2381 cellularum,
1339 2358 1402 2384 quae
1426 2347 1628 2384 pericarpium
1653 2349 1807 2373 externum

156 2399 352 2433 constituunt,
387 2403 415 2427 et
439 2400 593 2436 interiora,
618 2400 715 2437 ipsum
740 2401 875 2427 nucleum
899 2400 1033 2436 proxime
1058 2399 1236 2431 ambientia,
1262 2399 1375 2426 cellula>
1399 2398 1429 2425 in
1454 2397 1518 2424 illis
1542 2397 1638 2432 magis
1662 2396 1808 2431 irregula-

155 2450 230 2477 riter
265 2450 428 2487 dispositae,
462 2451 625 2487 angulatae,
659 2453 688 2477 et
724 2451 828 2478 nucleo
862 2450 1034 2478 obscuriore
1068 2451 1188 2484 farctae,
1223 2448 1538 2477 l1aet1·ansve1·saliter
1562 2448 1623 2475 fere
1648 2446 1808 2482 longiores,

156 2500 241 2538 quasi
266 2511 282 2528 a
306 2501 475 2541 pericarpio
500 2511 581 2529 axem
607 2511 710 2529 versus
733 2502 899 2535 radiantes,
924 2501 1054 2539 spatium
1079 2501 1207 2528 interius
1231 2501 1367 2536 cingunt,
1392 2499 1470 2536 quod
1494 2498 1531 2525 ab
1555 2498 1618 2535 ipso
1642 2497 1746 2524 nucleo
1771 2496 1808 2524 ad
